3725 6050
833 856 1030 926 ...25-

318 1028 445 1115 verbis,
472 1045 510 1097 ut
527 1026 664 1112 nidisti,
680 1027 955 1097 confirmantur:
974 1029 1074 1097 fidem
1090 1028 1234 1098 enimin
1251 1028 1316 1097 hoc
1338 1025 1542 1118 adjungunt,
1637 1105 1640 1120 1

311 1164 356 1214 -ut
370 1168 425 1214 res
439 1142 568 1224 verbis,
585 1142 633 1211 ita
647 1143 754 1211 verba
772 1143 887 1212 rebus.

361 1260 449 1346 Alii,
466 1281 548 1327 cum
563 1258 694 1330 Carolo
702 1259 846 1349 Maynz‚
857 1276 1042 1349 opponunt
1052 1258 1253 1330 Ciceronem
1267 1259 1389 1327 dixisse
1405 1259 1544 1327 decem·

319 1377 408 1445 viros
425 1374 560 1467 legibus
575 1372 773 1443 scribundis
796 1373 1039 1463 provocationi
1062 1397 1131 1442 non
1157 1375 1265 1444 fuisse
1294 1376 1476 1459 obnoxios,
1501 1374 1544 1443 de

311 1492 484 1560 dictatore
499 1512 582 1558 vero
598 1488 733 1557 siluisse
751 1492 807 1576 (ι).

362 1608 493 1675 Verum
522 1603 722 1696 quidinde,
749 1627 831 1672 cum
854 1605 929 1673 aliis
960 1605 1155 1696 multisque
1186 1604 1268 1673 locis
1295 1606 1383 1684 illos,
1414 1604 1544 1695 quibus

319 1743 493 1790 summam
513 1738 605 1788 extra
620 1712 781 1788 ordinem
797 1720 982 1789 tribuisset
997 1738 1139 1792 senatus
1158 1738 1380 1809 potestatem,
1394 1743 1464 1789 non
1486 1742 1544 1788 eos

320 1836 424 1905 luisse
437 1860 456 1905 a
472 1836 601 1927 quibus
613 1836 846 1925 appellaretur
861 1836 1094 1905 disertissime
1107 1854 1139 1904 et
1151 1836 1354 1926 planissime
1368 1835 1544 1927 significa·

318 1952 416 2037 verit,
441 1973 594 2040 cumque
633 1950 837 2019 dictatorem
869 1951 1049 2041 scripserit
1075 1980 1089 2016 q
1117 1974 1221 2040 quem
1256 1952 1375 2036 vellet,
1418 1951 1544 2019 indicta

275 2126 279 2131 .
318 2089 433 2147 causa,
451 2067 594 2157 impune
605 2065 759 2156 potuisse
776 2066 932 2135 occidere
950 2097 965 2130 n
984 2070 1049 2154 (all

363 2181 1541 2272 Ciceronemtestemquaerislsilentemomitte‚audiqnedicentem.

363 2297 449 2369 Silet
462 2297 554 2367 idem
568 2314 601 2365 et
613 2298 656 2365 de
670 2297 922 2387 patrefamilias
940 2316 973 2365 et
988 2299 1031 2366 de
1044 2299 1207 2387 pontifice
1220 2298 1376 2365 maximo
1392 2314 1425 2366 et
1441 2297 1484 2365 de
1501 2320 1542 2365 eo

318 2413 373 2481 cui
387 2412 577 2504 imperium
590 2411 741 2480 militare
756 2431 857 2483 esset.
875 2415 1004 2495 Neque
1021 2430 1137 2481 tamen
1154 2414 1291 2503 colligis
1306 2414 1350 2482 ab
1375 2413 1417 2480 iis
1431 2412 1543 2481 omni·

318 2529 383 2597 bus
398 2527 590 2619 appellandi
600 2528 804 2597 facultatem
819 2528 952 2597 civibus
965 2528 1082 2597 fuisse.
1092 2531 1173 2599 Non
1189 2546 1239 2598 est
1255 2530 1359 2621 igitur
1373 2550 1434 2595 cur
1448 2528 1542 2595 idem

318 2644 361 2712 de
378 2645 544 2713 dictatore
564 2642 723 2735 colligas.

363 2758 400 2830 Si
414 2782 498 2828 vero
512 2759 598 2827 scire
613 2758 695 2850 velis
709 2758 795 2847 quid
810 2758 853 2826 sit
870 2760 967 2850 quod
989 2761 1031 2828 de
1058 2760 1120 2828 illo
1144 2760 1264 2830 Cicero
1279 2759 1423 2840 siluerit,
1441 2781 1483 2827 ne
1507 2775 1541 2827 te

317 2874 427 2965 fugiat
446 2896 489 2943 eo
514 2876 590 2942 loco
606 2873 651 2942 de
675 2874 978 2965 magistratibusa
998 2877 1134 2966 populo
1153 2875 1273 2944 creatis
1300 2875 1543 2943 tantummodo

317 3012 395 3058 eum
409 3012 508 3081 agere
523 2988 687 3058 voluisse.

313 3152 316 3156 »
363 3108 488 3196 Neque
503 3106 573 3173 alio
585 3128 690 3174 sensu
706 3105 937 3196 intellegenda
959 3108 1081 3175 estlear
1101 3107 1174 3190 illa,
1202 3130 1272 3195 qua
1298 3106 1447 3174 vetitum
1477 3104 1544 3173 fuit

320 3249 335 3284 t<
350 3224 594 3313 magistratum
609 3221 685 3288 sine
706 3221 955 3308 provocatione
974 3244 1088 3289 creare
1104 3249 1117 3284 n
1152 3223 1208 3308 (3).
1238 3224 1289 3290 De
1315 3221 1544 3289 dictatoribus

317 3336 412 3404 nullo
428 3337 537 3405 modo
557 3334 614 3404 hic
629 3336 699 3426 agi,
727 3359 840 3425 neque
863 3354 939 3404 tum
966 3355 1111 3405 cautum
1140 3360 1213 3405 esse
1240 3353 1281 3405 ut
1306 3335 1543 3426 provocationi

316 3451 454 3520 obnoxii
493 3452 562 3538 jam
587 3451 719 3532 fierent,
746 3452 968 3541 perspicuum
1004 3469 1057 3519 est
1095 3475 1135 3520 ex
1170 3450 1213 3519 iis
1247 3451 1417 3520 omnibus
1451 3473 1541 3540 quae

316 3567 523 3651 memoravi,
539 3589 621 3634 cum
636 3568 744 3635 multa
758 3589 884 3635 eorum
895 3569 1068 3657 posterius
1085 3567 1238 3636 evenisse
1252 3585 1390 3636 certum
1404 3567 1461 3650 sit,
1478 3567 1541 3633 sic-

316 3704 384 3771 que
398 3682 526 3750 habeas
541 3682 646 3766 hujus
662 3682 744 3773 legis
760 3682 1087 3772 interpretationem
1104 3706 1142 3750 ex
1167 3683 1288 3751 usibus
1314 3682 1541 3770 moribusque
1638 3728 1639 3732 =

316 3815 595 3888 sumptam,qua
615 3798 766 3883 nullam,
788 3798 821 3865 in
850 3799 923 3886 jure
949 3799 1153 3887 praesertim
1179 3821 1339 3883 roman0‚
1367 3798 1542 3866 meliorem

317 3935 392 3980 esse
408 3929 514 4002 atque
530 3912 714 3986 certiorem
731 3936 836 3981 nemo
850 3915 974 4003 estqui
991 3937 1119 4004 negare
1133 3915 1227 3983 velit.

361 4029 407 4096 Et
445 4027 552 4118 reipsa
580 4029 690 4119 legem
714 4029 820 4098 luisse
854 4047 995 4098 tantum
1028 4031 1134 4098 latam
1172 4031 1216 4098 de
1241 4029 1542 4121 magistratibusa

314 4144 445 4233 populo
469 4144 591 4212 creatis
601 4143 731 4212 fatetur
754 4145 956 4214 Mommsen
979 4145 1055 4236 ipsa
1082 4145 1187 4215 verba
1214 4147 1429 4214 documento
1454 4167 1543 4224 esse,

314 4258 447 4327 homini
478 4258 624 4350 quidem
652 4260 830 4350 propriam
846 4260 899 4328 his
930 4260 1085 4352 linguam
1115 4282 1148 4330 er
1170 4260 1463 4331 consuetudinem
1487 4283 1543 4329 co·

314 4374 619 4465 gnitamhabenti(
646 4380 665 4461 ).

351 4624 392 4694 (ι)
409 4624 452 4678 De
464 4623 600 4699 Republ„
613 4624 651 4693 ll,
667 4624 713 4680 31.

351 4695 393 4765 (a)
406 4695 451 4749 De
468 4694 607 4770 Legibus,
625 4696 648 4766 1,
666 4697 710 4750 15.

352 4765 391 4836 (3)
408 4766 481 4820 Lata
495 4779 540 4821 est
555 4783 636 4820 anno
651 4766 709 4835 446
724 4766 760 4820 A.
776 4766 791 4820 J
796 4765 852 4821 .-C.
869 4768 914 4824 Ea
929 4785 1002 4823 usus
1017 4781 1072 4840 est,
1088 4769 1258 4824 verecunde
1270 4769 1402 4840 quidem,
1423 4781 1541 4841 praeter

317 4835 402 4891 illum
423 4836 504 4892 Festi
530 4837 641 4907 locum,
667 4836 827 4892 Eduardus
856 4838 1042 4912 Laboulaye‚
1074 4853 1107 4895 ut
1144 4839 1307 4895 dictatores
1330 4839 1541 4912 provocationi

318 4907 469 4963 obnoxios
483 4906 577 4964 fuisse
589 4907 713 4964 diceret.
725 4907 794 4964 Lois
810 4909 989 4964 criminelles
999 4911 1049 4966 des
1064 4910 1321 4983 Romains‚Paris‚
1339 4910 1420 4980 1845,
1434 4928 1463 4983 p.
1477 4911 1539 4966 123.

354 4978 391 5050 (4)
405 4978 531 5034 Manuel
544 4979 594 5034 des
608 4978 681 5036 Ant.
692 4979 778 5034 Rom.
795 4991 864 5050 ete,
880 4992 901 5036 t.
920 4980 974 5050 111,
986 4999 1015 5054 p.
1036 4981 1098 5054 189.
