3725 6050
837 719 1033 792 ..38-

369 901 480 968 Porro
489 918 641 989 poenam
653 896 748 964 illam
757 894 1019 985 sempiternam,
1035 912 1075 963 ut
1088 898 1219 964 certum
1236 914 1289 965 est
1304 897 1436 979 exsili0,
1455 899 1551 987 quod

323 1014 497 1083 damnatis
510 1015 602 1105 leges
618 1010 817 1101 permittere
834 1010 1069 1079 contendebat
1090 1011 1235 1093 Caesar,
1255 1014 1365 1081 multo
1381 1035 1453 1081 esse
1474 1036 1552 1103 gra-
1570 988 1577 1003 ἆ

322 1130 467 1210 viorem‚
486 1130 531 1197 ita
546 1128 644 1197 valde
658 1125 836 1216 probabile
850 1125 980 1214 judicio
993 1126 1128 1217 populi,
1147 1150 1218 1196 non
1240 1128 1336 1196 aliter
1352 1151 1458 1226 quam
1472 1152 1554 1219 poe·

321 1268 403 1314 nant
425 1243 563 1325 mortis,
586 1242 693 1311 fuisse
719 1242 889 1342 relictam.
915 1242 1038 1331 Quam
1060 1241 1154 1310 enim
1168 1243 1283 1334 gravis
1309 1244 1495 1312 haberetur
1510 1268 1552 1313 ea

322 1360 493 1430 Romanis
509 1360 591 1428 satis
619 1381 658 1427 ex
679 1356 792 1430 Silani
817 1357 931 1426 verbis
947 1375 1104 1448 apparet,
1134 1347 1262 1449 quippe
1274 1360 1334 1447 qui
1357 1360 1460 1427 morti
1474 1381 1551 1428 eam

321 1474 611 1567 aequiparaverit.
628 1474 731 1542 Adde
747 1474 845 1563 quod
859 1472 996 1558 Cicer0,
1010 1472 1063 1541 vir
1083 1473 1257 1542 maximae
1272 1473 1308 1542 in
1319 1474 1384 1542 hoc
1398 1475 1551 1543 auctori-

320 1591 416 1669 tatis,
435 1614 509 1659 rem
524 1606 646 1681 aperte
670 1590 789 1657 docuit
815 1592 873 1677 (1),
897 1589 1124 1680 ejusdemque
1137 1589 1187 1658 rei
1206 1590 1305 1658 testis
1335 1611 1473 1680 quoque
1486 1589 1552 1658 suit

320 1707 424 1776 Titus
436 1706 570 1785 Livius,
587 1727 668 1773 cunt
679 1704 877 1773 narraverit
891 1706 930 1773 L.
950 1704 1358 1795 Opimiumaccusatum
1371 1728 1443 1774 esse
1453 1707 1550 1797 apud

319 1822 492 1913 populum
507 1844 527 1889 a
545 1823 585 1889 L.
606 1820 723 1899 Deoia,
739 1820 883 1889 tribuno
905 1819 1031 1911 plebis,
1051 1821 1147 1911 quod
1170 1820 1391 1890 indemnatos
1405 1820 1496 1890 cives
1511 1821 1548 1890 in

319 1959 493 2007 carcerem
508 1936 708 2024 coniecisset
725 1936 792 2027 (2).

366 2054 476 2144 Ergo,
492 2052 556 2120 nisi
570 2052 673 2120 ambo
693 2050 896 2134 erraverint,
911 2050 1009 2119 haud
1026 2051 1146 2120 minus
1161 2072 1247 2138 quas
1275 2052 1439 2121 laudabat
1458 2054 1548 2143 leges

320 2168 492 2238 evertebat
516 2167 651 2251 Caesar,
678 2189 761 2235 cum
785 2189 805 2234 a
829 2183 954 2235 senatu
973 2167 1008 2234 in
1032 2190 1203 2236 carcerem
1226 2167 1319 2236 mitti
1343 2168 1550 2256 conjuratos

318 2284 468 2372 juberet,
486 2305 596 2373 quam
611 2283 672 2372 qui
687 2300 798 2351 morte
813 2283 1038 2351 mulctandos
1052 2306 1110 2352 cos
1124 2283 1328 2352 censebant.

365 2399 468 2489 Quas
484 2421 589 2488 quare
603 2398 675 2489 ipse
689 2401 730 2466 ita
742 2415 921 2482 everteret,
942 2399 1025 2467 haec
1041 2422 1145 2467 causa
1171 2398 1282 2467 fuisse
1296 2399 1439 2467 videtur
1455 2399 1549 2488 quod

320 2537 379 2584 eas
399 2514 579 2583 laudando
594 2537 666 2583 non
681 2531 753 2582 tam
766 2536 853 2603 quae
880 2514 1032 2603 juberent
1049 2537 1157 2605 quam
1181 2537 1253 2604 quo
1273 2516 1455 2583 tenderent
1472 2538 1548 2583 me·

317 2652 433 2699 mores
446 2653 521 2699 esse
531 2646 705 2698 senatores
715 2628 867 2714 volebat,
882 2652 924 2698 eo
936 2652 1017 2698 sane
1030 2629 1175 2698 consilio
1186 2648 1223 2699 ut
1236 2631 1413 2698 adearum
1423 2631 1549 2699 volun-

317 2762 423 2814 tatem
439 2763 471 2813 et
486 2744 694 2813 sententiam
707 2746 948 2829 decernerent,
958 2763 1134 2835 quantum
1148 2768 1203 2813 res
1223 2763 1409 2836 pateretur.
1436 2748 1546 2815 Posse

317 2882 401 2929 vero
415 2882 489 2946 eos,
518 2860 545 2927 si
560 2883 612 2928 res
635 2860 937 2929 vehementissime
962 2862 1172 2953 postularet,
1203 2879 1326 2930 contra
1353 2862 1449 2950 quod
1468 2848 1547 2929 illae

317 2974 508 3045 sanxissent
524 2996 637 3067 agere,
652 2998 725 3044 non
742 2975 890 3045 dubium
906 2976 1158 3046 existimaveris
1174 2977 1259 3068 quin
1273 2977 1427 3058 sentiret,
1446 3000 1550 3070 prae-

317 3091 442 3160 sertim
456 3091 483 3159 si
497 3092 684 3160 attenderis
711 3092 837 3182 quibus
859 3093 970 3161 verbis
983 3117 1066 3162 eum
1093 3115 1199 3161 usum
1225 3117 1302 3161 esse
1329 3094 1548 3162 Plutarchus

315 3206 440 3276 referat
453 3233 463 3292 ς
478 3225 642 3276 narratur
661 3207 760 3276 enim
783 3208 910 3276 dixisse
938 3232 1021 3278 eum
1044 3232 1122 3277 esse
1140 3232 1272 3277 morem
1303 3211 1547 3304 Romanorum

317 3340 354 3391 ut
367 3322 475 3408 viros,
491 3346 615 3414 genere
631 3340 662 3391 et
677 3323 845 3414 dignitate
868 3323 1028 3410 eximios,
1048 3324 1122 3392 sine
1141 3324 1269 3392 usitato
1285 3323 1414 3414 judicio
1441 3324 1547 3392 inter-

314 3438 369 3507 fici
384 3461 456 3506 non
473 3438 599 3522 liceret,
616 3438 683 3506 nisi
694 3462 830 3506 sumnia
847 3450 993 3531 urgeret
1008 3440 1192 3508 necessitas
1205 3440 1263 3528 (3).

360 3553 548 3622 Hichabes
565 3553 710 3643 quidde
732 3553 868 3645 legibus
894 3554 1028 3624 Porciis
1045 3554 1192 3645 aliisque
1212 3554 1393 3624 arbitreris
1411 3582 1419 3622 ε
1449 3577 1545 3624 com-

316 3668 441 3759 positis
467 3668 562 3737 enirn
585 3670 704 3755 rebus,
728 3691 809 3738 cum
833 3669 958 3738 ordine
986 3669 1247 3761 tranquilleque
1275 3670 1478 3760 respublica
1506 3694 1544 3739 se

315 3783 469 3866 haberet,
479 3783 617 3875 legibus
627 3783 694 3852 illis
707 3808 845 3867 necesse
857 3803 928 3854 erat
938 3795 1122 3875 pareretur
1131 3811 1141 3871 3
1150 3785 1358 3877 quinetiam,
1367 3785 1402 3854 in
1414 3802 1547 3875 tempo-

316 3898 411 3968 ribus
424 3898 573 3983 cunctis,
586 3923 657 3990 quo
668 3901 858 3984 tenderent,
869 3901 1014 3970 tendere
1024 3902 1365 3989 conandumeratlt).
1376 3902 1544 3970 Adducta

351 4058 376 4128 (ι
407 4058 452 4113 De
470 4057 666 4134 Leg.,lll,3.

351 4129 380 4200 (2
404 4129 475 4211 Ep,
491 4130 538 4184 61.
550 4159 585 4172 -
599 4130 770 4185 Mommsen
786 4132 966 4203 (Monusru,
982 4133 1183 4202 Manouasor,
1197 4133 1339 4201 Kabana,
1354 4129 1479 4187 Manuel
1496 4131 1546 4186 des

315 4200 475 4274 Antiquitas
485 4201 639 4271 romaines,
656 4214 724 4270 etc,
742 4214 763 4256 t.
778 4202 831 4271 ΙΙΙ,
848 4221 877 4276 p.
899 4214 962 4274 127l
978 4203 1145 4271 contendit,
1161 4202 1244 4258 nulla
1254 4221 1326 4259 vero
1341 4202 1459 4257 ratione
1472 4218 1545 4256 con-

316 4269 426 4341 firmat,
444 4288 480 4324 eo
495 4270 601 4327 saltem
617 4271 696 4341 loc0,
719 4270 898 4328 Ciceronem
914 4287 1005 4347 atque
1016 4275 1119 4330 Titum
1136 4273 1257 4329 Livium
1277 4273 1366 4329 simul
1381 4271 1543 4340 erravisse3

315 4341 467 4397 huicvero
483 4342 676 4398 scribendum
690 4342 783 4398 fuisse
794 4361 800 4398 :
810 4344 856 4415 (L.
870 4345 1011 4417 Opimius
1027 4346 1094 4409 suitl
1106 4368 1118 4396 a
1129 4361 1289 4400 accusatus
1303 4345 1383 4417 apud
1396 4342 1545 4417 populum

316 4430 333 4468 a
350 4414 384 4472 L.
401 4412 506 4482 Deci0,
522 4413 645 4469 tribuno
656 4413 766 4487 plebis,
784 4416 867 4487 quod
881 4416 1075 4472 indemnatos
1098 4418 1178 4472 cives
1192 4415 1223 4471 in
1237 4434 1357 4472 carcere
1377 4426 1544 4482 necasset»,

315 4484 362 4540 vel
381 4506 394 4534 α
409 4484 437 4539 in
452 4501 597 4540 carcerem
611 4489 751 4554 conjectos
763 4498 890 4542 necasset
905 4509 930 4546 s.
942 4490 975 4543 Et
988 4487 1087 4561 reipsa
1099 4488 1134 4542 L.
1150 4487 1290 4559 Opimius
1304 4485 1545 4560 quosdamcives

315 4555 517 4612 interfecerat.
535 4556 603 4612 Hoc
616 4569 717 4612 tamen
728 4555 790 4612 Titi
808 4557 885 4613 Livii
902 4557 971 4614 loco
993 4559 1165 4614 ostenditur
1181 4559 1289 4615 saltem
1305 4576 1375 4614 eum
1411 4557 1443 4612 ui
1454 4574 1545 4613 accu-

315 4626 402 4696 savit,
415 4639 465 4682 aut
479 4645 547 4682 eum
564 4626 615 4701 qui
632 4627 775 4698 narravit,
791 4646 972 4702 persuasum
987 4629 1130 4685 habuisse
1143 4631 1180 4686 ab
1195 4629 1234 4685 iis
1250 4576 1478 4702 resendileges
1491 4628 1543 4702 qui

315 4698 407 4767 civeS,
424 4697 482 4753 nisi
499 4716 534 4754 ex
550 4698 683 4754 comitiis
698 4699 886 4771 centuriatis,
903 4699 935 4755 in
949 4700 1070 4757 vincula
1086 4702 1205 4758 mittere
1218 4703 1375 4757 auderent.

344 4769 391 4840 Δ(3)
409 4770 516 4840 Pron,
530 4770 649 4840 Caesar,
662 4770 729 4825 Vll.

349 4840 392 4911 (4)
409 4841 510 4896 Rebus
524 4840 712 4916 compositis,
729 4841 754 4897 si
779 4843 1078 4899 senatusconsultum
1093 4842 1234 4900 ultimum
1250 4862 1312 4899 non
1324 4842 1437 4919 lactum
1450 4858 1541 4916 esset,
