3725 6050
835 852 1032 925 ..15-

318 1028 456 1099 Omitto
471 1028 621 1108 nomina,
632 1050 764 1118 quaero
778 1045 999 1120 argumenta;
1017 1028 1165 1098 nomina
1183 1029 1329 1120 quidem
1345 1032 1459 1100 multa
1474 1056 1546 1103 esse

319 1144 414 1213 haud
439 1144 555 1213 nescio
580 1161 613 1213 et
638 1145 811 1233 quaedam
828 1166 972 1235 magum
993 1164 1196 1237 argumenta
1218 1169 1305 1217 vero
1325 1170 1437 1237 pauca
1461 1148 1545 1218 mihi

320 1259 497 1345 videntur,
514 1259 703 1349 eademque
718 1281 843 1351 parum
858 1261 973 1330 firma.

364 1376 468 1465 Quae
483 1398 594 1467 quum
605 1398 681 1444 mea
696 1376 866 1444 sententia
880 1376 937 1460 sit,
949 1376 1109 1466 quamvis
1119 1379 1225 1468 paulo
1236 1379 1390 1448 licentius
1403 1398 1546 1471 sumpta

320 1492 516 1572 haberetur,
534 1490 745 1560 excusationi
762 1509 883 1560 tamen
905 1492 978 1560 fore
994 1515 1098 1583 spero
1123 1494 1210 1562 mihi
1232 1495 1382 1586 ingenue
1406 1496 1545 1582 dicenti,

320 1608 360 1686 si,
373 1624 425 1675 tot
439 1608 594 1676 virorum
603 1607 897 1694 doctorumvenia,
915 1609 1018 1677 aliam
1028 1626 1135 1696 atque
1150 1610 1196 1681 illi
1214 1610 1423 1679 sententiam
1432 1612 1545 1681 ausim

319 1744 533 1812 expromere,
545 1721 826 1814 argumentisque
836 1722 1054 1808 confirmare,
1069 1742 1241 1811 quantum
1253 1744 1388 1816 potero,
1400 1745 1546 1797 conatus

316 1838 462 1906 fuerim
802 1847 805 1852 '
1306 1856 1308 1860 '

817 2287 989 2359 CAPUT
1014 2289 1049 2356 II

319 2533 476 2591 Quaeoau
504 2533 613 2579 exara
637 2533 739 2579 LEGES
765 2533 806 2579 on
830 2532 1087 2579 PRovocATIONE
1112 2533 1217 2579 raras
1240 2534 1275 2582 tu
1299 2533 1360 2581 usu
1385 2535 1545 2582 trotrtuo

758 2647 867 2695 ruisse
891 2648 1022 2695 orarunt
1046 2649 1106 2693 esr
1397 2618 1407 2625 ”

363 2904 443 2971 Hoc
464 2903 622 2993 primum
646 2920 696 2972 est
720 2902 1084 2988 animadvertendum,
1116 2925 1202 2993 quas
1221 2903 1414 2971 memoravi
1440 2904 1542 2995 leges,

318 3022 480 3111 quamvis
504 3018 617 3088 verbis
641 3018 858 3111 generalibus
885 3035 1078 3102 uterentur,
1117 3020 1293 3108 quaedam
1320 3037 1438 3089 tamen
1469 3044 1546 3110 per-

318 3135 458 3205 misisse
485 3158 577 3226 quae
608 3135 642 3202 vi
664 3135 780 3225 legum
798 3135 949 3203 aliarum
969 3136 1025 3204 vel
1055 3158 1143 3203 usus
1172 3135 1420 3226 exciperentur.
1448 3138 1544 3207 Nam

319 3251 460 3321 fuerunt
503 3251 657 3341 prolecto
694 3251 855 3319 homines
897 3251 1025 3341 quibus
1063 3254 1174 3320 civem
1210 3273 1398 3320 romanum
1432 3253 1545 3343 capite

318 3369 490 3436 damnare
506 3367 578 3435 sine
600 3366 852 3456 provocatione
875 3367 1004 3435 liceret.
1027 3366 1184 3434 Licuisse
1203 3365 1295 3434 enim
1318 3389 1423 3436 nemo
1445 3384 1545 3459 negat

318 3501 350 3551 et
364 3482 410 3550 eis
434 3481 495 3574 qui
519 3481 664 3573 imperio
685 3482 824 3552 militari
843 3482 1044 3551 fruerentur
1064 3484 1111 3572 (ι)
1128 3499 1161 3551 et
1175 3481 1429 3572 patrifamilias,
1444 3485 1544 3572 cujus

317 3598 350 3666 in
365 3599 467 3679 filios,
479 3621 612 3689 eosque
628 3599 730 3683 cives,
745 3598 799 3688 jus
815 3599 904 3668 vitae
919 3615 953 3671 et
967 3598 1061 3667 necis
1076 3598 1211 3666 nullam
1224 3614 1404 3689 pateretur
1418 3622 1545 3690 provo-

225 3712 229 3716 ’
316 3714 488 3782 cationem
509 3714 570 3803 (2).

363 3829 461 3899 Idem
485 3831 646 3920 potuisse
669 3829 852 3899 credideris
874 3829 1081 3899 Pontificem
1104 3828 1301 3923 Maximum
1324 3828 1360 3897 in
1384 3830 1542 3899 Vestales

315 3945 478 4036 virgines,
509 3946 537 4013 si
573 3968 664 4037 quae
693 3964 774 4015 vota
804 3947 999 4031 laesissent,
1031 3967 1220 4036 earumque
1253 3945 1389 4013 sceleris
1416 3945 1538 4032 socios,

317 4061 477 4152 quamvis
491 4062 582 4130 cives
594 4080 706 4131 essent
719 4062 857 4131 romani
874 4063 933 4152 (3).

351 4258 394 4331 (t)
412 4258 536 4328 Porus,
547 4276 588 4326 vr,
608 4276 651 4326 12,
670 4259 700 4329 5;
718 4259 782 4315 th.
797 4258 844 4314 De
856 4258 978 4330 Repub„
996 4259 1019 4325 I,
1035 4275 1073 4339 4⁰.
1089 4275 1096 4312 ε
1116 4279 1128 4309 u
1146 4256 1260 4312 Noster
1264 4256 1407 4384 populus
1423 4256 1454 4312 in
1467 4274 1541 4382 pace

317 4342 345 4386 et
361 4328 444 4385 domi
461 4330 501 4384 im
527 4342 625 4388 erat...
642 4329 673 4384 in
698 4329 779 4385 bello
797 4329 840 4385 sie
881 4329 939 4384 arit
953 4342 987 4384 ut
1010 4346 1084 4402 regr.
1109 4348 1121 4379 n
1142 4360 1177 4370 -
1197 4326 1244 4384 Cf.

315 4401 479 4467 Trr.L1v.,
529 4402 551 4467 Ι,
572 4418 623 4471 zo,
644 4419 722 4464 xxrv,
742 4419 770 4473 9.
786 4401 826 4457 At
875 4417 962 4455 omae
985 4399 1147 4473 imperium
1171 4398 1300 4455 militare
1321 4416 1456 4456 exercerl
1479 4417 1541 4455 non

314 4485 451 4553 potera13
473 4471 550 4528 illud
573 4472 598 4527 si
623 4471 691 4544 quis
713 4471 848 4543 haberet,
870 4472 1026 4545 Ingressus
1051 4471 1159 4527 urbem
1179 4472 1319 4536 exuebat,
1343 4470 1441 4526 donec
1461 4470 1541 4526 intra

314 4560 436 4599 moema
452 4555 541 4602 esset.

349 4615 390 4695 (a)
407 4614 544 4683 Diouis,
560 4615 598 4681 ΙΙ,
614 4613 664 4686 263
676 4614 759 4681 VIII,
772 4632 823 4687 793
838 4614 1042 4679 Auta-Gaea,
1054 4613 1091 4680 V,
1108 4628 1151 4683 19,
1166 4613 1180 4685 5
1195 4631 1262 4683 9.-
1275 4613 1353 4667 Ante
1368 4612 1540 4685 Augustum

313 4685 483 4760 prinprem
510 4703 625 4756 eosque
652 4685 704 4757 qui
733 4698 804 4758 post
831 4702 900 4740 eum
928 4683 1142 4758 principatum
1172 4683 1384 4748 obtinuerunt,
1409 4682 1538 4755 patriam

313 4769 497 4831 potestatem
513 4756 597 4812 nulla
610 4774 747 4829 unquam
760 4757 825 4829 lege
841 4769 1073 4830 coangustatam
1089 4755 1183 4810 fuisse
1197 4755 1228 4810 in
1241 4753 1383 4809 confesso
1400 4766 1455 4808 est.

349 4828 388 4900 (3)
402 4827 501 4885 Aliter
517 4828 652 4884 sentiunt
666 4827 757 4901 pauci
768 4840 898 4894 tantum,
908 4845 971 4883 uno
987 4826 1055 4882 sulti
1066 4825 1194 4882 Asconii
1209 4825 1279 4881 Ioco
1290 4825 1336 4897 (In
1346 4823 1425 4890 Mtt,
1435 4824 1537 4906 pao).

312 4929 346 4942 ·-
363 4899 488 4957 Solebat
504 4913 578 4955 tum·
589 4899 722 4956 Vestalis
736 4899 782 4956 vir
804 4917 822 4954 o
838 4899 905 4954 viva
922 4898 1045 4972 deponi,
1063 4897 1167 4953 socius
1183 4909 1286 4952 autem
1306 4895 1430 4951 sceleris
1445 4910 1539 4968 vtrgts

315 4987 411 5043 usque
437 4973 475 5027 ad
490 4984 618 5027 mortem
637 4970 733 5026 caedi.
755 4917 1122 5040 ciL1v.,1V,44,vl11,
1145 4969 1188 5039 15,
1210 4967 1307 5037 XXII,
1332 4966 1537 5040 573D10urs,
1599 4991 1601 4995 >

1293 4344 1308 4383 e
1326 4327 1414 4404 Leg„
1436 4329 1462 4409 II
1483 4372 1489 4394 ‚
1509 4329 1540 4398 33
