<?xml version="1.0" encoding="UTF-8"?>
<!DOCTYPE html PUBLIC "-//W3C//DTD XHTML 1.0 Transitional//EN"
    "http://www.w3.org/TR/xhtml1/DTD/xhtml1-transitional.dtd">
<html xmlns="http://www.w3.org/1999/xhtml" xml:lang="en" lang="en">
 <head>
  <title>
</title>
<meta http-equiv="Content-Type" content="text/html;charset=utf-8" />
  <meta name='ocr-system' content='tesseract 3.04.00' />
  <meta name='ocr-capabilities' content='ocr_page ocr_carea ocr_par ocr_line ocrx_word'/>
</head>
<body>
  <div class='ocr_page' id='page_1' title='image "./numlegitimeprud00bertgoog_0048.png"; bbox 0 0 3725 6050; ppageno 0'>
   <div class='ocr_carea' id='block_1_1' title="bbox 847 674 1042 748">
    <p class='ocr_par' dir='ltr' id='par_1_1' title="bbox 847 674 1042 748">
     <span class='ocr_line' id='line_1_1' title="bbox 847 674 1042 748; baseline 0.015 -41"><span class='ocrx_word' id='word_1_1' title='bbox 847 674 1042 748; x_wconf 69' lang='lat'>..40-</span> 
     </span>
    </p>
   </div>
   <div class='ocr_carea' id='block_1_2' title="bbox 322 827 1558 4288">
    <p class='ocr_par' dir='ltr' id='par_1_2' title="bbox 328 827 1554 1035">
     <span class='ocr_line' id='line_1_2' title="bbox 374 827 1554 922; baseline -0.002 -21"><span class='ocrx_word' id='word_1_2' title='bbox 374 832 425 901; x_wconf 94' lang='lat' dir='ltr'>De</span> <span class='ocrx_word' id='word_1_3' title='bbox 438 846 606 922; x_wconf 84' lang='lat' dir='ltr'>potestate</span> <span class='ocrx_word' id='word_1_4' title='bbox 620 851 703 921; x_wconf 91' lang='lat' dir='ltr'>ergo</span> <span class='ocrx_word' id='word_1_5' title='bbox 717 829 776 897; x_wconf 90' lang='lat' dir='ltr'>illa</span> <span class='ocrx_word' id='word_1_6' title='bbox 799 828 994 917; x_wconf 77' lang='lat' dir='ltr'>iudiciaria,</span> <span class='ocrx_word' id='word_1_7' title='bbox 1006 831 1061 898; x_wconf 88' lang='lat' dir='ltr'>vel</span> <span class='ocrx_word' id='word_1_8' title='bbox 1077 828 1165 897; x_wconf 86' lang='lat' dir='ltr'>inter</span> <span class='ocrx_word' id='word_1_9' title='bbox 1178 827 1337 896; x_wconf 90' lang='lat' dir='ltr'>homines</span> <span class='ocrx_word' id='word_1_10' title='bbox 1351 829 1554 919; x_wconf 84' lang='lat' dir='ltr'>populares,</span> 
     </span>
     <span class='ocr_line' id='line_1_3' title="bbox 328 944 1019 1035; baseline -0.004 -18"><span class='ocrx_word' id='word_1_11' title='bbox 328 970 397 1017; x_wconf 94' lang='lat' dir='ltr'>non</span> <span class='ocrx_word' id='word_1_12' title='bbox 412 964 484 1016; x_wconf 90' lang='lat' dir='ltr'>erat</span> <span class='ocrx_word' id='word_1_13' title='bbox 500 963 575 1015; x_wconf 91' lang='lat' dir='ltr'>tum</span> <span class='ocrx_word' id='word_1_14' title='bbox 588 945 625 1014; x_wconf 90' lang='lat' dir='ltr'>in</span> <span class='ocrx_word' id='word_1_15' title='bbox 643 945 742 1015; x_wconf 88' lang='lat' dir='ltr'>curia</span> <span class='ocrx_word' id='word_1_16' title='bbox 757 944 817 1035; x_wconf 93' lang='lat' dir='ltr'>qui</span> <span class='ocrx_word' id='word_1_17' title='bbox 833 945 1019 1014; x_wconf 87' lang='lat' dir='ltr'><strong>dubitaret.</strong></span> 
     </span>
    </p>

    <p class='ocr_par' dir='ltr' id='par_1_3' title="bbox 326 1060 1558 1368">
     <span class='ocr_line' id='line_1_4' title="bbox 374 1060 1556 1155; baseline -0.002 -22"><span class='ocrx_word' id='word_1_18' title='bbox 374 1064 553 1155; x_wconf 88' lang='lat' dir='ltr'>Equidem</span> <span class='ocrx_word' id='word_1_19' title='bbox 573 1085 644 1130; x_wconf 91' lang='lat' dir='ltr'>non</span> <span class='ocrx_word' id='word_1_20' title='bbox 666 1062 789 1154; x_wconf 90' lang='lat' dir='ltr'>ignoro</span> <span class='ocrx_word' id='word_1_21' title='bbox 813 1061 986 1153; x_wconf 86' lang='lat' dir='ltr'>quosdam</span> <span class='ocrx_word' id='word_1_22' title='bbox 1006 1084 1080 1130; x_wconf 93' lang='lat' dir='ltr'>esse</span> <span class='ocrx_word' id='word_1_23' title='bbox 1109 1060 1170 1153; x_wconf 92' lang='lat' dir='ltr'>qui</span> <span class='ocrx_word' id='word_1_24' title='bbox 1189 1060 1307 1131; x_wconf 87' lang='lat' dir='ltr'>dicant</span> <span class='ocrx_word' id='word_1_25' title='bbox 1333 1062 1420 1130; x_wconf 86' lang='lat' dir='ltr'>hanc</span> <span class='ocrx_word' id='word_1_26' title='bbox 1436 1080 1556 1153; x_wconf 93' lang='lat' dir='ltr'>potes·</span> 
     </span>
     <span class='ocr_line' id='line_1_5' title="bbox 327 1176 1558 1269; baseline -0.002 -20"><span class='ocrx_word' id='word_1_27' title='bbox 327 1198 435 1250; x_wconf 89' lang='lat' dir='ltr'>tatem</span> <span class='ocrx_word' id='word_1_28' title='bbox 450 1180 582 1248; x_wconf 91' lang='lat' dir='ltr'>nullam</span> <span class='ocrx_word' id='word_1_29' title='bbox 597 1201 671 1248; x_wconf 91' lang='lat' dir='ltr'>esse</span> <span class='ocrx_word' id='word_1_30' title='bbox 684 1178 889 1268; x_wconf 88' lang='lat' dir='ltr'>putandam,</span> <span class='ocrx_word' id='word_1_31' title='bbox 905 1177 988 1269; x_wconf 92' lang='lat' dir='ltr'>quia</span> <span class='ocrx_word' id='word_1_32' title='bbox 1010 1200 1079 1245; x_wconf 90' lang='lat' dir='ltr'>non</span> <span class='ocrx_word' id='word_1_33' title='bbox 1095 1176 1196 1246; x_wconf 85' lang='lat' dir='ltr'>fuerit</span> <span class='ocrx_word' id='word_1_34' title='bbox 1212 1177 1265 1245; x_wconf 86' lang='lat' dir='ltr'>lex</span> <span class='ocrx_word' id='word_1_35' title='bbox 1279 1199 1369 1269; x_wconf 90' lang='lat' dir='ltr'>quae</span> <span class='ocrx_word' id='word_1_36' title='bbox 1383 1199 1460 1247; x_wconf 90' lang='lat' dir='ltr'>eam</span> <span class='ocrx_word' id='word_1_37' title='bbox 1481 1178 1558 1247; x_wconf 90' lang='lat' dir='ltr'>ins-</span> 
     </span>
     <span class='ocr_line' id='line_1_6' title="bbox 326 1296 475 1368; baseline -0.007 -2"><span class='ocrx_word' id='word_1_38' title='bbox 326 1296 475 1368; x_wconf 87' lang='lat' dir='ltr'>titueret.</span> 
     </span>
    </p>

    <p class='ocr_par' dir='ltr' id='par_1_4' title="bbox 327 1407 1558 2199">
     <span class='ocr_line' id='line_1_7' title="bbox 371 1407 1557 1501; baseline 0 -22"><span class='ocrx_word' id='word_1_39' title='bbox 371 1414 513 1482; x_wconf 91' lang='lat' dir='ltr'>Vanam</span> <span class='ocrx_word' id='word_1_40' title='bbox 525 1410 827 1480; x_wconf 84' lang='lat' dir='ltr'>ratiocinationem</span> <span class='ocrx_word' id='word_1_41' title='bbox 848 1426 953 1499; x_wconf 88' lang='lat' dir='ltr'>arque</span> <span class='ocrx_word' id='word_1_42' title='bbox 967 1408 1113 1477; x_wconf 87' lang='lat' dir='ltr'>falsam!</span> <span class='ocrx_word' id='word_1_43' title='bbox 1141 1407 1308 1478; x_wconf 91' lang='lat' dir='ltr'>Civitates</span> <span class='ocrx_word' id='word_1_44' title='bbox 1331 1409 1439 1497; x_wconf 89' lang='lat' dir='ltr'>enim,</span> <span class='ocrx_word' id='word_1_45' title='bbox 1457 1432 1557 1501; x_wconf 90' lang='lat' dir='ltr'>prae·</span> 
     </span>
     <span class='ocr_line' id='line_1_8' title="bbox 328 1525 1558 1619; baseline -0.002 -21"><span class='ocrx_word' id='word_1_46' title='bbox 328 1530 448 1598; x_wconf 91' lang='lat' dir='ltr'>sertim</span> <span class='ocrx_word' id='word_1_47' title='bbox 468 1528 637 1619; x_wconf 86' lang='lat' dir='ltr'>antiquae</span> <span class='ocrx_word' id='word_1_48' title='bbox 666 1527 758 1613; x_wconf 90' lang='lat' dir='ltr'>illae,</span> <span class='ocrx_word' id='word_1_49' title='bbox 786 1549 853 1595; x_wconf 90' lang='lat' dir='ltr'>uon</span> <span class='ocrx_word' id='word_1_50' title='bbox 877 1526 1124 1594; x_wconf 90' lang='lat' dir='ltr'>tantummodo</span> <span class='ocrx_word' id='word_1_51' title='bbox 1141 1525 1279 1617; x_wconf 90' lang='lat' dir='ltr'>legibus</span> <span class='ocrx_word' id='word_1_52' title='bbox 1305 1525 1558 1617; x_wconf 92' lang='lat' dir='ltr'>scriptiscons·</span> 
     </span>
     <span class='ocr_line' id='line_1_9' title="bbox 327 1641 1558 1735; baseline -0.002 -20"><span class='ocrx_word' id='word_1_53' title='bbox 327 1645 406 1715; x_wconf 91' lang='lat' dir='ltr'>titui</span> <span class='ocrx_word' id='word_1_54' title='bbox 421 1645 544 1714; x_wconf 79' lang='lat' dir='ltr'>solitae</span> <span class='ocrx_word' id='word_1_55' title='bbox 569 1661 653 1712; x_wconf 92' lang='lat' dir='ltr'>sunt</span> <span class='ocrx_word' id='word_1_56' title='bbox 678 1666 799 1713; x_wconf 90' lang='lat' dir='ltr'>verum</span> <span class='ocrx_word' id='word_1_57' title='bbox 822 1642 927 1711; x_wconf 89' lang='lat' dir='ltr'>etiam</span> <span class='ocrx_word' id='word_1_58' title='bbox 945 1665 1010 1710; x_wconf 92' lang='lat' dir='ltr'>usu</span> <span class='ocrx_word' id='word_1_59' title='bbox 1027 1659 1060 1711; x_wconf 94' lang='lat' dir='ltr'>et</span> <span class='ocrx_word' id='word_1_60' title='bbox 1078 1641 1249 1728; x_wconf 88' lang='lat' dir='ltr'>moribus,</span> <span class='ocrx_word' id='word_1_61' title='bbox 1272 1665 1360 1731; x_wconf 90' lang='lat' dir='ltr'>quas</span> <span class='ocrx_word' id='word_1_62' title='bbox 1374 1666 1450 1712; x_wconf 88' lang='lat' dir='ltr'>vere</span> <span class='ocrx_word' id='word_1_63' title='bbox 1466 1644 1558 1735; x_wconf 91' lang='lat' dir='ltr'>leges</span> 
     </span>
     <span class='ocr_line' id='line_1_10' title="bbox 330 1757 1557 1852; baseline -0.002 -21"><span class='ocrx_word' id='word_1_64' title='bbox 330 1762 474 1847; x_wconf 87' lang='lat' dir='ltr'>habeas,</span> <span class='ocrx_word' id='word_1_65' title='bbox 491 1777 611 1852; x_wconf 91' lang='lat' dir='ltr'>sponte</span> <span class='ocrx_word' id='word_1_66' title='bbox 622 1782 686 1828; x_wconf 92' lang='lat' dir='ltr'>sua</span> <span class='ocrx_word' id='word_1_67' title='bbox 699 1777 732 1828; x_wconf 92' lang='lat' dir='ltr'>et</span> <span class='ocrx_word' id='word_1_68' title='bbox 748 1758 888 1851; x_wconf 91' lang='lat' dir='ltr'>ingenio</span> <span class='ocrx_word' id='word_1_69' title='bbox 900 1776 935 1827; x_wconf 91' lang='lat' dir='ltr'>et</span> <span class='ocrx_word' id='word_1_70' title='bbox 949 1757 1071 1827; x_wconf 89' lang='lat' dir='ltr'>habitu</span> <span class='ocrx_word' id='word_1_71' title='bbox 1087 1757 1209 1849; x_wconf 92' lang='lat' dir='ltr'>populi</span> <span class='ocrx_word' id='word_1_72' title='bbox 1222 1758 1557 1849; x_wconf 85' lang='lat' dir='ltr'>necessitatibusque</span> 
     </span>
     <span class='ocr_line' id='line_1_11' title="bbox 330 1873 1558 1968; baseline -0.002 -21"><span class='ocrx_word' id='word_1_73' title='bbox 330 1877 378 1947; x_wconf 91' lang='lat' dir='ltr'>rei</span> <span class='ocrx_word' id='word_1_74' title='bbox 392 1877 553 1968; x_wconf 90' lang='lat' dir='ltr'>publicae</span> <span class='ocrx_word' id='word_1_75' title='bbox 569 1893 680 1961; x_wconf 91' lang='lat' dir='ltr'>natas,</span> <span class='ocrx_word' id='word_1_76' title='bbox 705 1898 775 1944; x_wconf 90' lang='lat' dir='ltr'>non</span> <span class='ocrx_word' id='word_1_77' title='bbox 788 1897 885 1961; x_wconf 93' lang='lat' dir='ltr'>vero,</span> <span class='ocrx_word' id='word_1_78' title='bbox 903 1892 940 1943; x_wconf 91' lang='lat' dir='ltr'>ut</span> <span class='ocrx_word' id='word_1_79' title='bbox 961 1891 1093 1943; x_wconf 87' lang='lat' dir='ltr'>ceterae</span> <span class='ocrx_word' id='word_1_80' title='bbox 1109 1874 1261 1964; x_wconf 90' lang='lat' dir='ltr'>saepius,</span> <span class='ocrx_word' id='word_1_81' title='bbox 1278 1873 1312 1942; x_wconf 90' lang='lat' dir='ltr'>vi</span> <span class='ocrx_word' id='word_1_82' title='bbox 1334 1873 1558 1966; x_wconf 90' lang='lat' dir='ltr'>consilioque</span> 
     </span>
     <span class='ocr_line' id='line_1_12' title="bbox 329 1990 1558 2084; baseline -0.003 -21"><span class='ocrx_word' id='word_1_83' title='bbox 329 1994 515 2084; x_wconf 88' lang='lat' dir='ltr'>cujusdam</span> <span class='ocrx_word' id='word_1_84' title='bbox 532 1991 686 2060; x_wconf 89' lang='lat' dir='ltr'>hominis</span> <span class='ocrx_word' id='word_1_85' title='bbox 710 1991 839 2081; x_wconf 91' lang='lat' dir='ltr'>optime</span> <span class='ocrx_word' id='word_1_86' title='bbox 868 1990 1030 2078; x_wconf 87' lang='lat' dir='ltr'>dicentis,</span> <span class='ocrx_word' id='word_1_87' title='bbox 1054 1990 1118 2083; x_wconf 91' lang='lat' dir='ltr'>qui</span> <span class='ocrx_word' id='word_1_88' title='bbox 1144 2014 1217 2082; x_wconf 91' lang='lat' dir='ltr'>quo</span> <span class='ocrx_word' id='word_1_89' title='bbox 1239 1991 1387 2060; x_wconf 88' lang='lat' dir='ltr'>voluerit</span> <span class='ocrx_word' id='word_1_90' title='bbox 1413 1991 1558 2060; x_wconf 85' lang='lat' dir='ltr'>audien·-</span> 
     </span>
     <span class='ocr_line' id='line_1_13' title="bbox 328 2106 974 2199; baseline -0.003 -21"><span class='ocrx_word' id='word_1_91' title='bbox 328 2109 417 2178; x_wconf 90' lang='lat' dir='ltr'>tium</span> <span class='ocrx_word' id='word_1_92' title='bbox 428 2126 559 2177; x_wconf 88' lang='lat' dir='ltr'>mentes</span> <span class='ocrx_word' id='word_1_93' title='bbox 576 2106 808 2199; x_wconf 88' lang='lat' dir='ltr'>suffragiaque</span> <span class='ocrx_word' id='word_1_94' title='bbox 822 2106 974 2176; x_wconf 88' lang='lat' dir='ltr'>verterit.</span> 
     </span>
    </p>

    <p class='ocr_par' dir='ltr' id='par_1_5' title="bbox 324 2221 1558 3941">
     <span class='ocr_line' id='line_1_14' title="bbox 376 2221 1557 2317; baseline -0.003 -22"><span class='ocrx_word' id='word_1_95' title='bbox 376 2227 426 2297; x_wconf 89' lang='lat' dir='ltr'>Ut</span> <span class='ocrx_word' id='word_1_96' title='bbox 439 2240 684 2317; x_wconf 86' lang='lat' dir='ltr'>argumentum</span> <span class='ocrx_word' id='word_1_97' title='bbox 700 2245 880 2291; x_wconf 90' lang='lat' dir='ltr'>sumamus</span> <span class='ocrx_word' id='word_1_98' title='bbox 900 2245 941 2290; x_wconf 90' lang='lat' dir='ltr'>ex</span> <span class='ocrx_word' id='word_1_99' title='bbox 956 2221 1113 2290; x_wconf 89' lang='lat' dir='ltr'>comitiis</span> <span class='ocrx_word' id='word_1_100' title='bbox 1130 2222 1286 2309; x_wconf 92' lang='lat' dir='ltr'>tributis,</span> <span class='ocrx_word' id='word_1_101' title='bbox 1305 2246 1395 2313; x_wconf 89' lang='lat' dir='ltr'>quae</span> <span class='ocrx_word' id='word_1_102' title='bbox 1410 2222 1557 2292; x_wconf 90' lang='lat' dir='ltr'>concilia</span> 
     </span>
     <span class='ocr_line' id='line_1_15' title="bbox 328 2337 1554 2433; baseline -0.002 -22"><span class='ocrx_word' id='word_1_103' title='bbox 328 2341 444 2433; x_wconf 90' lang='lat' dir='ltr'>plebis</span> <span class='ocrx_word' id='word_1_104' title='bbox 460 2357 573 2427; x_wconf 92' lang='lat' dir='ltr'>erant,</span> <span class='ocrx_word' id='word_1_105' title='bbox 590 2340 686 2409; x_wconf 89' lang='lat' dir='ltr'>nulla</span> <span class='ocrx_word' id='word_1_106' title='bbox 699 2362 843 2430; x_wconf 91' lang='lat' dir='ltr'>prorsus</span> <span class='ocrx_word' id='word_1_107' title='bbox 856 2340 908 2408; x_wconf 87' lang='lat' dir='ltr'>lex</span> <span class='ocrx_word' id='word_1_108' title='bbox 921 2338 1045 2428; x_wconf 85' lang='lat' dir='ltr'>scripta</span> <span class='ocrx_word' id='word_1_109' title='bbox 1057 2337 1123 2406; x_wconf 87' lang='lat' dir='ltr'>fuit</span> <span class='ocrx_word' id='word_1_110' title='bbox 1133 2360 1204 2428; x_wconf 92' lang='lat' dir='ltr'>qua</span> <span class='ocrx_word' id='word_1_111' title='bbox 1228 2337 1384 2427; x_wconf 82' lang='lat' dir='ltr'>judicare</span> <span class='ocrx_word' id='word_1_112' title='bbox 1399 2356 1554 2429; x_wconf 92' lang='lat' dir='ltr'>possent.</span> 
     </span>
     <span class='ocr_line' id='line_1_16' title="bbox 328 2453 1556 2546; baseline -0.002 -18"><span class='ocrx_word' id='word_1_113' title='bbox 328 2458 493 2529; x_wconf 86' lang='lat' dir='ltr'>Iudicate</span> <span class='ocrx_word' id='word_1_114' title='bbox 509 2474 627 2526; x_wconf 88' lang='lat' dir='ltr'>tamen</span> <span class='ocrx_word' id='word_1_115' title='bbox 655 2455 758 2524; x_wconf 90' lang='lat' dir='ltr'>solita</span> <span class='ocrx_word' id='word_1_116' title='bbox 784 2472 877 2541; x_wconf 91' lang='lat' dir='ltr'>sunt,</span> <span class='ocrx_word' id='word_1_117' title='bbox 903 2453 1055 2523; x_wconf 91' lang='lat' dir='ltr'>tribunis</span> <span class='ocrx_word' id='word_1_118' title='bbox 1069 2453 1326 2542; x_wconf 90' lang='lat' dir='ltr'>accusantibus,</span> <span class='ocrx_word' id='word_1_119' title='bbox 1352 2457 1556 2546; x_wconf 84' lang='lat' dir='ltr'>multaeque</span> 
     </span>
     <span class='ocr_line' id='line_1_17' title="bbox 327 2561 1558 2663; baseline -0.002 -21"><span class='ocrx_word' id='word_1_120' title='bbox 327 2597 405 2643; x_wconf 92' lang='lat' dir='ltr'>reos</span> <span class='ocrx_word' id='word_1_121' title='bbox 420 2561 655 2643; x_wconf 78' lang='lat' dir='ltr'>condemnare</span> <span class='ocrx_word' id='word_1_122' title='bbox 672 2575 731 2662; x_wconf 87' lang='lat'>(1),</span> <span class='ocrx_word' id='word_1_123' title='bbox 747 2572 794 2640; x_wconf 91' lang='lat' dir='ltr'>ita</span> <span class='ocrx_word' id='word_1_124' title='bbox 808 2570 951 2662; x_wconf 89' lang='lat' dir='ltr'>quidem</span> <span class='ocrx_word' id='word_1_125' title='bbox 966 2588 1005 2639; x_wconf 94' lang='lat' dir='ltr'>ut</span> <span class='ocrx_word' id='word_1_126' title='bbox 1021 2592 1154 2661; x_wconf 92' lang='lat' dir='ltr'>poenas</span> <span class='ocrx_word' id='word_1_127' title='bbox 1178 2570 1281 2639; x_wconf 91' lang='lat' dir='ltr'>etiam</span> <span class='ocrx_word' id='word_1_128' title='bbox 1304 2571 1483 2663; x_wconf 90' lang='lat' dir='ltr'>graviores</span> <span class='ocrx_word' id='word_1_129' title='bbox 1495 2572 1558 2641; x_wconf 93' lang='lat' dir='ltr'>ali-</span> 
     </span>
     <span class='ocr_line' id='line_1_18' title="bbox 328 2687 1555 2780; baseline -0.001 -23"><span class='ocrx_word' id='word_1_130' title='bbox 328 2690 470 2780; x_wconf 89' lang='lat' dir='ltr'>quando</span> <span class='ocrx_word' id='word_1_131' title='bbox 498 2690 727 2776; x_wconf 84' lang='lat' dir='ltr'>injungerent.</span> <span class='ocrx_word' id='word_1_132' title='bbox 757 2687 973 2755; x_wconf 84' lang='lat' dir='ltr'>Postumium</span> <span class='ocrx_word' id='word_1_133' title='bbox 1002 2688 1218 2778; x_wconf 84' lang='lat' dir='ltr'>Pyrgensem</span> <span class='ocrx_word' id='word_1_134' title='bbox 1237 2704 1371 2756; x_wconf 90' lang='lat' dir='ltr'>tantum</span> <span class='ocrx_word' id='word_1_135' title='bbox 1392 2687 1555 2776; x_wconf 89' lang='lat' dir='ltr'>referam,</span> 
     </span>
     <span class='ocr_line' id='line_1_19' title="bbox 329 2802 1558 2896; baseline 0.001 -24"><span class='ocrx_word' id='word_1_136' title='bbox 329 2804 405 2896; x_wconf 92' lang='lat' dir='ltr'>qui,</span> <span class='ocrx_word' id='word_1_137' title='bbox 421 2804 594 2872; x_wconf 91' lang='lat' dir='ltr'>bellorum</span> <span class='ocrx_word' id='word_1_138' title='bbox 609 2803 819 2894; x_wconf 90' lang='lat' dir='ltr'>punicorum</span> <span class='ocrx_word' id='word_1_139' title='bbox 842 2820 1011 2892; x_wconf 88' lang='lat' dir='ltr'>tempore,</span> <span class='ocrx_word' id='word_1_140' title='bbox 1036 2802 1222 2871; x_wconf 88' lang='lat' dir='ltr'>arribunis</span> <span class='ocrx_word' id='word_1_141' title='bbox 1244 2803 1358 2894; x_wconf 90' lang='lat' dir='ltr'>plebis</span> <span class='ocrx_word' id='word_1_142' title='bbox 1378 2822 1558 2873; x_wconf 87' lang='lat' dir='ltr'>accusatus</span> 
     </span>
     <span class='ocr_line' id='line_1_20' title="bbox 327 2917 1555 3010; baseline 0 -21"><span class='ocrx_word' id='word_1_143' title='bbox 327 2943 408 2990; x_wconf 91' lang='lat' dir='ltr'>cum</span> <span class='ocrx_word' id='word_1_144' title='bbox 433 2919 513 2988; x_wconf 89' lang='lat' dir='ltr'>aliis</span> <span class='ocrx_word' id='word_1_145' title='bbox 527 2919 739 3010; x_wconf 83' lang='lat' dir='ltr'>publicanis,</span> <span class='ocrx_word' id='word_1_146' title='bbox 769 2918 875 3010; x_wconf 90' lang='lat' dir='ltr'>inque</span> <span class='ocrx_word' id='word_1_147' title='bbox 890 2917 1044 2988; x_wconf 91' lang='lat' dir='ltr'>comitiis</span> <span class='ocrx_word' id='word_1_148' title='bbox 1072 2918 1216 2987; x_wconf 91' lang='lat' dir='ltr'>tributis</span> <span class='ocrx_word' id='word_1_149' title='bbox 1237 2919 1385 3009; x_wconf 88' lang='lat' dir='ltr'>positus,</span> <span class='ocrx_word' id='word_1_150' title='bbox 1412 2920 1555 2989; x_wconf 90' lang='lat' dir='ltr'>turbam</span> 
     </span>
     <span class='ocr_line' id='line_1_21' title="bbox 326 3034 1554 3126; baseline 0 -20"><span class='ocrx_word' id='word_1_151' title='bbox 326 3058 399 3106; x_wconf 92' lang='lat' dir='ltr'>tam</span> <span class='ocrx_word' id='word_1_152' title='bbox 411 3038 638 3106; x_wconf 89' lang='lat' dir='ltr'>vehementer</span> <span class='ocrx_word' id='word_1_153' title='bbox 652 3035 842 3105; x_wconf 90' lang='lat' dir='ltr'>commovit</span> <span class='ocrx_word' id='word_1_154' title='bbox 866 3053 917 3122; x_wconf 92' lang='lat' dir='ltr'>ut,</span> <span class='ocrx_word' id='word_1_155' title='bbox 935 3060 979 3104; x_wconf 94' lang='lat' dir='ltr'>ne</span> <span class='ocrx_word' id='word_1_156' title='bbox 1004 3059 1057 3105; x_wconf 90' lang='lat' dir='ltr'>res</span> <span class='ocrx_word' id='word_1_157' title='bbox 1073 3037 1116 3105; x_wconf 88' lang='lat' dir='ltr'>ad</span> <span class='ocrx_word' id='word_1_158' title='bbox 1140 3034 1349 3105; x_wconf 90' lang='lat' dir='ltr'>seditionem</span> <span class='ocrx_word' id='word_1_159' title='bbox 1372 3054 1554 3126; x_wconf 80' lang='lat' dir='ltr'>spectaret,</span> 
     </span>
     <span class='ocr_line' id='line_1_22' title="bbox 327 3151 1555 3244; baseline 0 -21"><span class='ocrx_word' id='word_1_160' title='bbox 327 3152 517 3223; x_wconf 88' lang='lat' dir='ltr'>concilium</span> <span class='ocrx_word' id='word_1_161' title='bbox 538 3153 648 3244; x_wconf 90' lang='lat' dir='ltr'>plebis</span> <span class='ocrx_word' id='word_1_162' title='bbox 676 3151 922 3221; x_wconf 89' lang='lat' dir='ltr'>dimitteretur.</span> <span class='ocrx_word' id='word_1_163' title='bbox 956 3154 1039 3220; x_wconf 88' lang='lat' dir='ltr'>Mox</span> <span class='ocrx_word' id='word_1_164' title='bbox 1068 3174 1151 3220; x_wconf 91' lang='lat' dir='ltr'>vero</span> <span class='ocrx_word' id='word_1_165' title='bbox 1178 3151 1321 3221; x_wconf 89' lang='lat' dir='ltr'>Carvilii</span> <span class='ocrx_word' id='word_1_166' title='bbox 1349 3152 1487 3221; x_wconf 91' lang='lat' dir='ltr'>tribuni</span> <span class='ocrx_word' id='word_1_167' title='bbox 1506 3153 1555 3223; x_wconf 90' lang='lat' dir='ltr'>rei</span> 
     </span>
     <span class='ocr_line' id='line_1_23' title="bbox 326 3267 1550 3361; baseline 0.001 -23"><span class='ocrx_word' id='word_1_168' title='bbox 326 3269 482 3361; x_wconf 88' lang='lat' dir='ltr'>capitalis</span> <span class='ocrx_word' id='word_1_169' title='bbox 498 3269 591 3337; x_wconf 92' lang='lat' dir='ltr'>diem</span> <span class='ocrx_word' id='word_1_170' title='bbox 614 3268 799 3338; x_wconf 91' lang='lat' dir='ltr'>Postumio</span> <span class='ocrx_word' id='word_1_171' title='bbox 827 3267 1001 3354; x_wconf 88' lang='lat' dir='ltr'>dixerunt,</span> <span class='ocrx_word' id='word_1_172' title='bbox 1028 3269 1197 3359; x_wconf 88' lang='lat' dir='ltr'>plebsque</span> <span class='ocrx_word' id='word_1_173' title='bbox 1226 3286 1344 3360; x_wconf 87' lang='lat' dir='ltr'>rogata</span> <span class='ocrx_word' id='word_1_174' title='bbox 1360 3267 1407 3338; x_wconf 90' lang='lat' dir='ltr'>ita</span> <span class='ocrx_word' id='word_1_175' title='bbox 1423 3267 1550 3339; x_wconf 91' lang='lat' dir='ltr'>scivit:</span> 
     </span>
     <span class='ocr_line' id='line_1_24' title="bbox 329 3383 1554 3476; baseline 0.005 -27"><span class='ocrx_word' id='word_1_176' title='bbox 329 3413 345 3450; x_wconf 90' lang='lat'>«</span> <span class='ocrx_word' id='word_1_177' title='bbox 371 3384 408 3457; x_wconf 85' lang='lat' dir='ltr'>Si</span> <span class='ocrx_word' id='word_1_178' title='bbox 423 3384 632 3455; x_wconf 89' lang='lat' dir='ltr'>Postumius</span> <span class='ocrx_word' id='word_1_179' title='bbox 645 3400 728 3452; x_wconf 90' lang='lat' dir='ltr'>ante</span> <span class='ocrx_word' id='word_1_180' title='bbox 746 3384 920 3452; x_wconf 89' lang='lat' dir='ltr'>Kalendas</span> <span class='ocrx_word' id='word_1_181' title='bbox 936 3383 1052 3453; x_wconf 85' lang='lat' dir='ltr'>Maias</span> <span class='ocrx_word' id='word_1_182' title='bbox 1066 3407 1138 3453; x_wconf 94' lang='lat' dir='ltr'>non</span> <span class='ocrx_word' id='word_1_183' title='bbox 1158 3383 1346 3475; x_wconf 91' lang='lat' dir='ltr'>prodisset,</span> <span class='ocrx_word' id='word_1_184' title='bbox 1358 3384 1554 3476; x_wconf 87' lang='lat' dir='ltr'>citatusque</span> 
     </span>
     <span class='ocr_line' id='line_1_25' title="bbox 327 3499 1551 3595; baseline -0.001 -24"><span class='ocrx_word' id='word_1_185' title='bbox 327 3525 369 3572; x_wconf 92' lang='lat' dir='ltr'>eo</span> <span class='ocrx_word' id='word_1_186' title='bbox 385 3501 442 3571; x_wconf 88' lang='lat' dir='ltr'>die</span> <span class='ocrx_word' id='word_1_187' title='bbox 456 3524 525 3570; x_wconf 92' lang='lat' dir='ltr'>non</span> <span class='ocrx_word' id='word_1_188' title='bbox 546 3499 800 3591; x_wconf 81' lang='lat' dir='ltr'>respondisset,</span> <span class='ocrx_word' id='word_1_189' title='bbox 826 3522 941 3592; x_wconf 91' lang='lat' dir='ltr'>neque</span> <span class='ocrx_word' id='word_1_190' title='bbox 957 3517 1140 3569; x_wconf 88' lang='lat' dir='ltr'>excusatus</span> <span class='ocrx_word' id='word_1_191' title='bbox 1169 3517 1269 3587; x_wconf 91' lang='lat' dir='ltr'>esset,</span> <span class='ocrx_word' id='word_1_192' title='bbox 1296 3500 1404 3571; x_wconf 93' lang='lat' dir='ltr'>videri</span> <span class='ocrx_word' id='word_1_193' title='bbox 1420 3523 1500 3595; x_wconf 91' lang='lat' dir='ltr'>eum</span> <span class='ocrx_word' id='word_1_194' title='bbox 1514 3501 1551 3570; x_wconf 93' lang='lat' dir='ltr'>in</span> 
     </span>
     <span class='ocr_line' id='line_1_26' title="bbox 324 3615 1550 3708; baseline 0 -21"><span class='ocrx_word' id='word_1_195' title='bbox 324 3618 448 3689; x_wconf 91' lang='lat' dir='ltr'>exsilio</span> <span class='ocrx_word' id='word_1_196' title='bbox 463 3641 539 3686; x_wconf 90' lang='lat' dir='ltr'>esse</span> <span class='ocrx_word' id='word_1_197' title='bbox 566 3618 731 3708; x_wconf 90' lang='lat' dir='ltr'>bonaque</span> <span class='ocrx_word' id='word_1_198' title='bbox 748 3616 823 3704; x_wconf 85' lang='lat' dir='ltr'>ejus</span> <span class='ocrx_word' id='word_1_199' title='bbox 839 3615 968 3702; x_wconf 88' lang='lat' dir='ltr'>venire,</span> <span class='ocrx_word' id='word_1_200' title='bbox 983 3615 1151 3707; x_wconf 86' lang='lat' dir='ltr'>ipsiaqua</span> <span class='ocrx_word' id='word_1_201' title='bbox 1164 3634 1196 3685; x_wconf 91' lang='lat' dir='ltr'>et</span> <span class='ocrx_word' id='word_1_202' title='bbox 1209 3615 1282 3707; x_wconf 92' lang='lat' dir='ltr'>igni</span> <span class='ocrx_word' id='word_1_203' title='bbox 1296 3616 1429 3708; x_wconf 88' lang='lat' dir='ltr'>placere</span> <span class='ocrx_word' id='word_1_204' title='bbox 1445 3617 1550 3687; x_wconf 85' lang='lat' dir='ltr'>inter-</span> 
     </span>
     <span class='ocr_line' id='line_1_27' title="bbox 325 3730 1552 3825; baseline -0.001 -22"><span class='ocrx_word' id='word_1_205' title='bbox 325 3733 406 3803; x_wconf 91' lang='lat' dir='ltr'>dici.</span> <span class='ocrx_word' id='word_1_206' title='bbox 423 3732 576 3825; x_wconf 89' lang='lat' dir='ltr'>Singulis</span> <span class='ocrx_word' id='word_1_207' title='bbox 592 3732 719 3801; x_wconf 89' lang='lat' dir='ltr'>deinde</span> <span class='ocrx_word' id='word_1_208' title='bbox 733 3753 859 3800; x_wconf 92' lang='lat' dir='ltr'>eorum</span> <span class='ocrx_word' id='word_1_209' title='bbox 874 3730 1067 3823; x_wconf 88' lang='lat' dir='ltr'>quirurbae</span> <span class='ocrx_word' id='word_1_210' title='bbox 1077 3754 1118 3800; x_wconf 91' lang='lat' dir='ltr'>ac</span> <span class='ocrx_word' id='word_1_211' title='bbox 1131 3733 1305 3801; x_wconf 91' lang='lat' dir='ltr'>tumultus</span> <span class='ocrx_word' id='word_1_212' title='bbox 1321 3732 1552 3803; x_wconf 88' lang='lat' dir='ltr'>concitatores</span> 
     </span>
     <span class='ocr_line' id='line_1_28' title="bbox 324 3847 1552 3941; baseline -0.002 -22"><span class='ocrx_word' id='word_1_213' title='bbox 324 3848 526 3935; x_wconf 81' lang='lat' dir='ltr'>fuerant,rei</span> <span class='ocrx_word' id='word_1_214' title='bbox 536 3847 696 3939; x_wconf 88' lang='lat' dir='ltr'>capitalis</span> <span class='ocrx_word' id='word_1_215' title='bbox 706 3848 800 3916; x_wconf 92' lang='lat' dir='ltr'>diem</span> <span class='ocrx_word' id='word_1_216' title='bbox 814 3847 926 3917; x_wconf 90' lang='lat' dir='ltr'>dicere</span> <span class='ocrx_word' id='word_1_217' title='bbox 938 3870 978 3916; x_wconf 90' lang='lat' dir='ltr'>ac</span> <span class='ocrx_word' id='word_1_218' title='bbox 990 3850 1095 3918; x_wconf 88' lang='lat' dir='ltr'>vades</span> <span class='ocrx_word' id='word_1_219' title='bbox 1110 3870 1251 3939; x_wconf 90' lang='lat' dir='ltr'>poscere</span> <span class='ocrx_word' id='word_1_220' title='bbox 1262 3851 1521 3941; x_wconf 72' lang='lat' dir='ltr'>coeperuntlal.</span> <span class='ocrx_word' id='word_1_221' title='bbox 1531 3872 1552 3918; x_wconf 89' lang='lat'>»</span> 
     </span>
    </p>

    <p class='ocr_par' dir='ltr' id='par_1_6' title="bbox 322 3964 1550 4173">
     <span class='ocr_line' id='line_1_29' title="bbox 369 3964 1550 4056; baseline 0 -22"><span class='ocrx_word' id='word_1_222' title='bbox 369 3969 420 4034; x_wconf 87' lang='lat' dir='ltr'>De</span> <span class='ocrx_word' id='word_1_223' title='bbox 432 3988 501 4054; x_wconf 92' lang='lat' dir='ltr'>qua</span> <span class='ocrx_word' id='word_1_224' title='bbox 513 3964 763 4054; x_wconf 84' lang='lat' dir='ltr'>jurisdictione,</span> <span class='ocrx_word' id='word_1_225' title='bbox 784 3987 894 4055; x_wconf 92' lang='lat' dir='ltr'>quam</span> <span class='ocrx_word' id='word_1_226' title='bbox 914 3965 993 4055; x_wconf 92' lang='lat' dir='ltr'>plus</span> <span class='ocrx_word' id='word_1_227' title='bbox 1018 3965 1280 4056; x_wconf 90' lang='lat' dir='ltr'>quadringentis</span> <span class='ocrx_word' id='word_1_228' title='bbox 1309 3965 1550 4035; x_wconf 87' lang='lat' dir='ltr'>annisexerci-</span> 
     </span>
     <span class='ocr_line' id='line_1_30' title="bbox 322 4079 1430 4173; baseline 0 -21"><span class='ocrx_word' id='word_1_229' title='bbox 322 4099 481 4153; x_wconf 82' lang='lat' dir='ltr'>ramesse</span> <span class='ocrx_word' id='word_1_230' title='bbox 501 4102 607 4149; x_wconf 93' lang='lat' dir='ltr'>nemo</span> <span class='ocrx_word' id='word_1_231' title='bbox 624 4097 725 4171; x_wconf 91' lang='lat' dir='ltr'>negat</span> <span class='ocrx_word' id='word_1_232' title='bbox 737 4081 792 4167; x_wconf 72' lang='lat'>(3),</span> <span class='ocrx_word' id='word_1_233' title='bbox 811 4079 891 4148; x_wconf 88' lang='lat' dir='ltr'>audi</span> <span class='ocrx_word' id='word_1_234' title='bbox 906 4079 1078 4151; x_wconf 88' lang='lat' dir='ltr'>Carolum</span> <span class='ocrx_word' id='word_1_235' title='bbox 1094 4082 1222 4173; x_wconf 88' lang='lat' dir='ltr'>Maynz</span> <span class='ocrx_word' id='word_1_236' title='bbox 1237 4082 1430 4152; x_wconf 89' lang='lat' dir='ltr'>dicentem:</span> 
     </span>
    </p>

    <p class='ocr_par' dir='ltr' id='par_1_7' title="bbox 371 4195 1550 4288">
     <span class='ocr_line' id='line_1_31' title="bbox 371 4195 1550 4288; baseline 0.005 -25"><span class='ocrx_word' id='word_1_237' title='bbox 371 4226 386 4263; x_wconf 73' lang='lat' dir='ltr'>t</span> <span class='ocrx_word' id='word_1_238' title='bbox 409 4197 468 4268; x_wconf 93' lang='lat' dir='ltr'>On</span> <span class='ocrx_word' id='word_1_239' title='bbox 493 4219 513 4264; x_wconf 93' lang='lat' dir='ltr'>a</span> <span class='ocrx_word' id='word_1_240' title='bbox 542 4195 735 4265; x_wconf 88' lang='lat' dir='ltr'>l&#39;habirude</span> <span class='ocrx_word' id='word_1_241' title='bbox 762 4197 805 4264; x_wconf 93' lang='lat' dir='ltr'>de</span> <span class='ocrx_word' id='word_1_242' title='bbox 830 4195 1007 4287; x_wconf 88' lang='lat' dir='ltr'>pre&#39;senter</span> <span class='ocrx_word' id='word_1_243' title='bbox 1035 4214 1121 4266; x_wconf 91' lang='lat' dir='ltr'>cette</span> <span class='ocrx_word' id='word_1_244' title='bbox 1150 4197 1345 4288; x_wconf 82' lang='lat' dir='ltr'>juridiction</span> <span class='ocrx_word' id='word_1_245' title='bbox 1371 4199 1550 4269; x_wconf 89' lang='lat' dir='ltr'>restreinte</span> 
     </span>
    </p>
   </div>
   <div class='ocr_carea' id='block_1_3' title="bbox 320 4464 1549 4899">
    <p class='ocr_par' dir='ltr' id='par_1_8' title="bbox 321 4464 1549 4682">
     <span class='ocr_line' id='line_1_32' title="bbox 358 4464 1549 4545; baseline 0.002 -22"><span class='ocrx_word' id='word_1_246' title='bbox 358 4477 383 4539; x_wconf 77' lang='grc' dir='ltr'>(ι</span> <span class='ocrx_word' id='word_1_247' title='bbox 413 4467 510 4540; x_wconf 85' lang='lat' dir='ltr'>Saepe</span> <span class='ocrx_word' id='word_1_248' title='bbox 526 4465 616 4521; x_wconf 89' lang='lat' dir='ltr'>etiam</span> <span class='ocrx_word' id='word_1_249' title='bbox 640 4464 805 4521; x_wconf 84' lang='lat' dir='ltr'>acciditur</span> <span class='ocrx_word' id='word_1_250' title='bbox 829 4465 1009 4545; x_wconf 79' lang='lat' dir='ltr'>damnarent</span> <span class='ocrx_word' id='word_1_251' title='bbox 1031 4465 1068 4521; x_wconf 89' lang='lat' dir='ltr'>de</span> <span class='ocrx_word' id='word_1_252' title='bbox 1088 4465 1267 4522; x_wconf 90' lang='lat' dir='ltr'>criminibus</span> <span class='ocrx_word' id='word_1_253' title='bbox 1287 4465 1434 4538; x_wconf 90' lang='lat' dir='ltr'>minimis,</span> <span class='ocrx_word' id='word_1_254' title='bbox 1459 4481 1499 4539; x_wconf 85' lang='lat' dir='ltr'>et,</span> <span class='ocrx_word' id='word_1_255' title='bbox 1515 4482 1549 4526; x_wconf 90' lang='lat' dir='ltr'>ut</span> 
     </span>
     <span class='ocr_line' id='line_1_33' title="bbox 321 4535 1547 4611; baseline -0.002 -15"><span class='ocrx_word' id='word_1_256' title='bbox 321 4540 363 4596; x_wconf 89' lang='lat' dir='ltr'>ita</span> <span class='ocrx_word' id='word_1_257' title='bbox 376 4538 485 4609; x_wconf 88' lang='lat' dir='ltr'>dicam,</span> <span class='ocrx_word' id='word_1_258' title='bbox 501 4537 563 4592; x_wconf 86' lang='lat' dir='ltr'>fere</span> <span class='ocrx_word' id='word_1_259' title='bbox 575 4536 676 4606; x_wconf 91' lang='lat' dir='ltr'>nullis,</span> <span class='ocrx_word' id='word_1_260' title='bbox 693 4548 797 4592; x_wconf 92' lang='lat' dir='ltr'>nostra</span> <span class='ocrx_word' id='word_1_261' title='bbox 841 4536 944 4590; x_wconf 80' lang='lat' dir='ltr'>uidem</span> <span class='ocrx_word' id='word_1_262' title='bbox 955 4535 1114 4594; x_wconf 90' lang='lat' dir='ltr'>sententia.</span> <span class='ocrx_word' id='word_1_263' title='bbox 1138 4537 1185 4593; x_wconf 86' lang='lat' dir='ltr'>Cf.</span> <span class='ocrx_word' id='word_1_264' title='bbox 1211 4539 1287 4599; x_wconf 73' lang='lat' dir='ltr'>Vnt,</span> <span class='ocrx_word' id='word_1_265' title='bbox 1305 4539 1396 4610; x_wconf 69' lang='lat' dir='ltr'>Max,</span> <span class='ocrx_word' id='word_1_266' title='bbox 1411 4539 1493 4611; x_wconf 90' lang='lat' dir='ltr'>VIII,</span> <span class='ocrx_word' id='word_1_267' title='bbox 1518 4559 1547 4595; x_wconf 81' lang='grc' dir='ltr'>ι·</span> 
     </span>
     <span class='ocr_line' id='line_1_34' title="bbox 321 4553 1547 4682; baseline -0.005 -16"><span class='ocrx_word' id='word_1_268' title='bbox 321 4612 385 4667; x_wconf 86' lang='lat' dir='ltr'>Trr.</span> <span class='ocrx_word' id='word_1_269' title='bbox 402 4612 479 4680; x_wconf 88' lang='lat' dir='ltr'>L1v.,</span> <span class='ocrx_word' id='word_1_270' title='bbox 495 4608 576 4682; x_wconf 81' lang='lat' dir='ltr'>Epir.</span> <span class='ocrx_word' id='word_1_271' title='bbox 585 4651 592 4677; x_wconf 92' lang='lat'>,</span> <span class='ocrx_word' id='word_1_272' title='bbox 604 4609 675 4662; x_wconf 89' lang='lat' dir='ltr'>XIX</span> <span class='ocrx_word' id='word_1_273' title='bbox 688 4627 695 4679; x_wconf 92' lang='lat'>;</span> <span class='ocrx_word' id='word_1_274' title='bbox 708 4553 974 4677; x_wconf 47' lang='lat' dir='ltr'>Auru-luem,</span> <span class='ocrx_word' id='word_1_275' title='bbox 989 4607 1016 4667; x_wconf 82' lang='lat'>6.</span> <span class='ocrx_word' id='word_1_276' title='bbox 1539 4583 1547 4612; x_wconf 64' lang='lat'><strong>³</strong></span> 
     </span>
    </p>

    <p class='ocr_par' dir='ltr' id='par_1_9' title="bbox 357 4680 726 4756">
     <span class='ocr_line' id='line_1_35' title="bbox 357 4680 726 4756; baseline -0.011 -19"><span class='ocrx_word' id='word_1_277' title='bbox 357 4685 399 4756; x_wconf 83' lang='lat'>(2)</span> <span class='ocrx_word' id='word_1_278' title='bbox 411 4683 476 4737; x_wconf 81' lang='lat' dir='ltr'>Trr.</span> <span class='ocrx_word' id='word_1_279' title='bbox 493 4680 571 4748; x_wconf 88' lang='lat' dir='ltr'>Lrv.,</span> <span class='ocrx_word' id='word_1_280' title='bbox 588 4680 683 4750; x_wconf 88' lang='lat' dir='ltr'>XXV,</span> <span class='ocrx_word' id='word_1_281' title='bbox 698 4697 726 4748; x_wconf 87' lang='lat'>4.</span> 
     </span>
    </p>

    <p class='ocr_par' dir='ltr' id='par_1_10' title="bbox 320 4749 1547 4899">
     <span class='ocr_line' id='line_1_36' title="bbox 357 4749 1547 4878; baseline 0.001 -69"><span class='ocrx_word' id='word_1_282' title='bbox 357 4754 398 4827; x_wconf 75' lang='lat'>(3)</span> <span class='ocrx_word' id='word_1_283' title='bbox 412 4752 601 4878; x_wconf 73' lang='lat' dir='ltr'>CI.8Mnruz‚</span> <span class='ocrx_word' id='word_1_284' title='bbox 623 4750 715 4809; x_wconf 87' lang='lat' dir='ltr'>Cours</span> <span class='ocrx_word' id='word_1_285' title='bbox 734 4750 770 4807; x_wconf 85' lang='lat' dir='ltr'>de</span> <span class='ocrx_word' id='word_1_286' title='bbox 795 4749 872 4805; x_wconf 81' lang='lat' dir='ltr'>droit</span> <span class='ocrx_word' id='word_1_287' title='bbox 898 4749 1021 4822; x_wconf 82' lang='lat' dir='ltr'>romat&#39;n,</span> <span class='ocrx_word' id='word_1_288' title='bbox 1044 4757 1075 4820; x_wconf 79' lang='lat'>4⁸</span> <span class='ocrx_word' id='word_1_289' title='bbox 1095 4749 1179 4821; x_wconf 74' lang='lat' dir='ltr'>edin,</span> <span class='ocrx_word' id='word_1_290' title='bbox 1201 4751 1357 4808; x_wconf 84' lang='lat' dir='ltr'>Bruxelles</span> <span class='ocrx_word' id='word_1_291' title='bbox 1379 4751 1460 4826; x_wconf 83' lang='lat'>1876,</span> <span class='ocrx_word' id='word_1_292' title='bbox 1479 4765 1501 4814; x_wconf 93' lang='lat' dir='ltr'>t.</span> <span class='ocrx_word' id='word_1_293' title='bbox 1522 4754 1547 4826; x_wconf 91' lang='lat'>1,</span> 
     </span>
     <span class='ocr_line' id='line_1_37' title="bbox 320 4830 510 4899; baseline -0.011 -19"><span class='ocrx_word' id='word_1_294' title='bbox 320 4843 350 4899; x_wconf 89' lang='lat' dir='ltr'>p.</span> <span class='ocrx_word' id='word_1_295' title='bbox 371 4830 457 4880; x_wconf 75' lang='lat' dir='ltr'>ido-1</span> <span class='ocrx_word' id='word_1_296' title='bbox 487 4840 510 4879; x_wconf 84' lang='lat' dir='ltr'>r.</span> 
     </span>
    </p>
   </div>
   <div class='ocr_carea' id='block_1_4' title="bbox 0 0 1868 6050">
    <p class='ocr_par' dir='ltr' id='par_1_11' title="bbox 0 0 1868 6050">
     <span class='ocr_line' id='line_1_38' title="bbox 0 0 1868 6050; baseline 0 3"><span class='ocrx_word' id='word_1_297' title='bbox 0 0 1868 6050; x_wconf 95' lang='lat' dir='ltr'> </span> 
     </span>
    </p>
   </div>
  </div>
 </body>
</html>
