3725 6050
813 862 1010 956 ...43-

298 1032 490 1114 consulem,
514 1055 593 1100 cum
609 1033 736 1103 Caium
749 1035 950 1107 Gracchum
963 1038 1176 1107 interficeret.
1195 1040 1274 1108 Hoc
1286 1038 1390 1130 igitur
1406 1039 1527 1130 populi

283 1146 464 1235 ,judicium
478 1164 599 1217 contra
611 1149 664 1238 jus
681 1168 824 1220 senatus
854 1153 1079 1244 consulisque
1091 1172 1162 1223 tam
1192 1154 1368 1222 immerito
1385 1155 1527 1224 affertur

303 1280 342 1331 ut
355 1285 416 1353 pro
431 1262 552 1333 eodem
566 1280 658 1335 stare
671 1287 815 1355 prorsus
830 1268 872 1337 sit
887 1270 1144 1358 dicendumlrl.

906 1465 923 1499 e

888 1520 941 1555 *a

346 1601 456 1695 Quod
469 1603 514 1672 ad
525 1602 732 1675 Ciceronem
745 1606 866 1698 ipsum
880 1608 1018 1695 attinet,
1040 1631 1122 1677 eum
1134 1625 1226 1678 certe
1239 1631 1309 1677 non
1326 1610 1526 1701 negandum

298 1742 361 1810 est,
375 1724 507 1813 aliquot
529 1723 633 1803 annis
660 1740 739 1813 post
767 1745 967 1815 oppressam
984 1722 1160 1795 Catilinae
1182 1724 1477 1813 conjurationem,
1504 1746 1524 1793 a
1621 1772 1623 1777 -

298 1838 437 1925 Clodi0,
453 1838 596 1907 tribuno
611 1837 740 1928 plebis,
757 1856 974 1925 accusatum,
993 1841 1104 1908 Roma
1122 1856 1244 1937 sponte
1274 1838 1406 1926 exiisse,
1430 1856 1524 1908 tum·

299 1977 367 2043 que
392 1954 585 2040 absentem,
613 1954 778 2028 suadente
804 1954 931 2022 eodem
956 1954 1093 2041 Clodi0,
1130 1977 1203 2023 esse
1222 1953 1442 2041 damnatum,
1477 1955 1525 2024 ita

299 2086 415 2138 tamen
430 2086 480 2156 ut,
497 2069 680 2138 transactis
701 2069 873 2140 sexdecim
899 2070 1094 2157 mensibus,
1119 2071 1154 2139 in
1180 2069 1340 2161 patriam,
1366 2071 1526 2140 omnium

300 2184 482 2275 suffragi0,
498 2202 730 2253 revocaretur.

251 2335 257 2346 ,
345 2303 395 2369 De
409 2299 538 2390 quibus
554 2301 619 2369 hoc
634 2300 792 2392 primum
807 2300 998 2369 dicendum
1015 2318 1116 2392 putes
1130 2324 1199 2371 non
1225 2303 1428 2371 habendum
1453 2327 1528 2372 esse

300 2415 336 2484 id
350 2438 432 2483 vera
449 2415 668 2507 legitimaque
682 2415 800 2507 populi
813 2417 995 2490 voluntate
1010 2418 1157 2505 factum,
1172 2419 1266 2508 quod
1277 2418 1311 2485 vi
1324 2418 1527 2508 impetuque

299 2530 413 2602 Clodii
426 2532 592 2601 adversus
605 2532 808 2602 Ciceronem
824 2531 1033 2601 factumest.
1050 2533 1217 2602 Criminis
1234 2534 1331 2601 enim
1346 2534 1528 2624 arguendo

300 2646 499 2715 Ciceronem
513 2647 769 2737 Clodiusplane
787 2649 854 2716 hoc
868 2648 1049 2739 spectavit,
1067 2665 1190 2717 non-ut
1212 2649 1357 2717 violatas
1381 2648 1528 2717 ulcisce-

299 2778 394 2831 retur
408 2763 515 2854 leges,
529 2764 591 2832 sed
606 2780 658 2850 ut,
676 2763 855 2832 occasione
869 2764 1021 2852 quadam
1037 2764 1129 2851 data,
1140 2764 1406 2853 qualiscumque
1422 2781 1524 2850 esset,

301 2876 442 2945 inimico
458 2877 617 2947 inimicus
631 2896 786 2947 noceret.
806 2878 987 2950 Scribebat
1002 2880 1095 2947 enim
1119 2881 1163 2949 ad
1187 2880 1343 2949 Atticum
1360 2879 1498 2949 Tullius
1516 2901 1523 2948 :

302 2994 451 3068 «Nobis
466 3013 581 3065 autem
603 2991 690 3086 ipsis
716 3017 827 3086 quum
857 2996 938 3083 vim,
956 3012 1032 3064 turn
1061 2996 1232 3085 judicium
1253 2994 1408 3066 minatur
1430 3000 1487 3084 (a).
1506 3023 1523 3062 »

301 3120 424 3206 Neque
438 3114 534 3183 enim
552 3111 620 3180 alia
636 3111 764 3180 Clodio
781 3129 856 3180 erat
885 3112 1061 3180 accusatio
1084 3106 1190 3202 quam
1214 3113 1325 3180 altera
1355 3113 1528 3203 quaedam

299 3232 387 3302 ratio
400 3233 542 3318 injuriae
556 3227 721 3299 Ciceroni
740 3226 953 3296 inserendae.
980 3229 1074 3296 Nam
1097 3228 1252 3319 undique
1275 3251 1398 3297 causas
1419 3251 1527 3318 quae·

299 3348 397 3417 rebat
415 3364 463 3432 ut,
481 3359 651 3435 quantum
664 3360 797 3432 posset,
812 3342 950 3411 inimico
962 3344 1098 3411 afferret
1113 3342 1377 3413 detrimentum.

347 3463 487 3532 Fecisse
505 3459 615 3552 igitur
627 3481 707 3527 eum
730 3476 769 3526 ut
797 3458 925 3529 Cicero
953 3475 1190 3541 accusaretur,
1218 3482 1292 3527 non
1318 3459 1530 3527 documento

187 3628 195 3636 -
300 3591 350 3648 est
382 3579 474 3670 leges
495 3598 569 3645 esse
584 3599 603 3643 a
620 3576 761 3643 consule
777 3574 957 3656 rescissas,
976 3574 1038 3641 sed
1056 3575 1156 3643 firma
1176 3573 1284 3643 luisse
1299 3573 1425 3644 Clodio
1448 3573 1530 3642 odia

301 3695 524 3784 multamque
541 3690 739 3759 audaciam.

345 3810 512 3880 Ceterum
528 3830 567 3875 ex
584 3806 772 3875 Plutarcho
788 3823 929 3895 apparet
946 3823 1135 3892 quantum,
1153 3829 1193 3874 eo
1212 3824 1384 3897 tempore,
1410 3827 1528 3873 rerum

277 3904 280 3908 ²
299 3914 557 4016 perturbatione
572 3922 676 4010 vique
689 3921 874 3990 hominurn
890 3921 1013 3990 civitas
1035 3903 1231 4011 jactaretur.
1262 3920 1398 3992 Omnia
1410 3922 1525 3989 soluta

300 4058 410 4120 erant,
427 4038 585 4121 confusa,
601 4036 754 4119 turbata,
774 4036 821 4104 ita
834 4059 935 4126 saepe
952 4053 990 4104 ut
1007 4037 1036 4104 is
1054 4036 1229 4128 suffragiis
1242 4036 1523 4127 muneribusque

298 4156 485 4246 potiretur,
502 4170 608 4243 atque
635 4152 776 4243 judiciis
805 4153 928 4244 populi
959 4175 1022 4243 pro
1051 4154 1229 4222 voluntate
1256 4169 1423 4236 uteretur,
1448 4152 1526 4244 qui,

300 4272 408 4340 turba
436 4270 567 4359 majore
594 4269 840 4346 circumdatus,
870 4268 973 4337 victis
1004 4269 1139 4349 ceteris,
1173 4270 1294 4338 forum
1318 4290 1527 4359 campumve

301 4386 472 4456 Martium
489 4401 706 4476 occupasset.

344 4503 547 4571 Ciceronem
562 4501 682 4592 ipsum
695 4518 811 4570 narrat
826 4501 920 4569 idem
934 4501 1141 4570 Plutarchus
1156 4502 1284 4569 multas
1301 4522 1422 4591 graves
1439 4499 1530 4585 inju-

302 4618 371 4686 rias
394 4616 556 4688 aClodio
584 4616 765 4707 accepisse,
797 4617 856 4708 qui
880 4616 1090 4686 hominibus
1116 4616 1334 4686 vehementis
1365 4615 1527 4704 pravique

212 4862 217 4867 ’
329 4858 376 4985 p)
397 4861 472 4915 Rem
485 4859 596 4916 fatetur
611 4859 675 4932 ipse
688 4860 860 4915 Mommsen
875 4858 1066 4932 (Manueldes
1079 4859 1154 4920 Ant.
1168 4857 1266 4926 Rom„
1283 4856 1384 4924 t.V11‚
1402 4873 1431 4929 p.
1445 4855 1522 4928 473).

302 4929 609 5092 Clzinrird’apr'riii'll,
623 5018 669 5060 22.
