3725 6050
799 632 1026 728 .-54-

314 811 492 884 Cicerone.
522 809 660 881 Catone
697 809 896 899 ceterisque
934 809 1023 875 illius
1050 807 1222 898 temporis
1254 807 1479 891 bominibus,
1502 827 1547 874 ex

314 927 616 997 senatusconsulto
653 927 775 993 ultimo
820 943 961 992 tannim
1002 925 1056 1004 ius
1091 946 1170 992 esse
1224 924 1361 991 conatui
1412 940 1455 989 ut
1499 921 1547 989 de

318 1046 428 1135 capite
443 1044 585 1121 civium,
599 1062 663 1132 pro
679 1043 872 1121 voluntate,
888 1041 945 1107 hic
958 1062 1061 1130 agere
1076 1044 1214 1125 posset?

359 1161 438 1228 Jam
466 1157 609 1225 ridebis.

365 1275 595 1343 Notissimum
610 1274 714 1340 eninr.
722 1271 874 1341 Catilina
886 1273 1008 1339 urbem
1018 1290 1127 1340 noctu
1139 1271 1357 1361 egresso,die
1369 1269 1547 1359 sequenti,

318 1389 508 1459 secundam
545 1388 790 1458 Catilinariam
828 1387 1030 1454 orationem
1058 1388 1123 1454 ad·
1138 1390 1311 1477 populum
1339 1386 1552 1455 (sicerum

318 1507 498 1588 habuisse,
521 1525 565 1573 eo
592 1504 736 1593 quidem
757 1503 902 1571 consilio
930 1521 970 1571 ut
1000 1526 1093 1593 quae
1117 1520 1198 1570 acta
1222 1518 1343 1570 essent
1370 1500 1551 1569 narrando

318 1622 531 1712 explanaret.
546 1620 656 1710 Atqui
671 1620 707 1686 in
725 1620 794 1686 hoc
806 1623 939 1685 multus
962 1619 1116 1686 maxime
1135 1618 1204 1685 t'uit
1215 1637 1266 1699 ut,
1288 1617 1551 1687 turcani-inam

321 1757 391 1805 non
412 1735 609 1818 occidisset,
627 1753 862 1824 exponeret(
880 1735 1137 1824 interemptum
1164 1758 1243 1803 esse
1274 1736 1318 1802 L.
1344 1733 1552 1815 Caulinam,

322 1853 498 1943 inquit,et
509 1851 717 1938 gravissimo
730 1850 899 1939 supplicio
921 1850 1084 1918 affectum
1100 1850 1172 1937 jam
1192 1850 1333 1940 pridem
1352 1849 1552 1938 oportebat,

323 1967 463 2058 idquea
477 1988 535 2034 me
554 1984 590 2034 et
615 1987 692 2033 mos
704 1966 893 2052 maiorum,
913 1984 949 2033 et
969 1967 1077 2052 hujus
1103 1966 1242 2055 imperii
1255 1966 1439 2046 severitas,
1451 1983 1555 2031 etres

326 2082 468 2174 publica
481 2081 689 2171 postulabat.
706 2109 722 2142 n

372 2196 529 2268 Causam
543 2215 619 2264 turn
633 2201 772 2286 aperuit
785 2218 850 2263 cur
865 2218 938 2263 non
953 2225 968 2259 «ι
981 2198 1096 2284 illum,
1111 2216 1149 2265 ut
1163 2216 1237 2266 erat
1261 2196 1423 2265 meritus.
1441 2213 1557 2263 morte

328 2317 549 2396 mulctasset(
559 2319 601 2398 tl,
618 2339 634 2376 ι
648 2312 857 2402 addiditque
871 2337 881 2380 ε

377 2459 392 2494 α
408 2426 445 2500 Si
469 2429 523 2497 vis
548 2428 738 2496 manifesta
760 2428 962 2495 manifestae
983 2429 1165 2499 audaciae.
1199 2429 1230 2496 si
1259 2429 1472 2515 impendens
1497 2452 1559 2519 pa·
1642 2461 1648 2478 ·

330 2546 420 2614 triae
435 2545 627 2634 periculum
642 2566 699 2611 me
708 2545 903 2611 necessario
914 2546 959 2611 de
974 2545 1041 2611 hac
1060 2544 1172 2611 animi
1197 2544 1340 2612 lenitate
1363 2544 1556 2624 deduxerit,

330 2661 417 2729 illud
434 2659 588 2751 proiecto
603 2659 815 2749 perficiam...
831 2678 913 2727 ut..
929 2682 1125 2749 paucorum
1138 2683 1253 2750 poena
1266 2683 1328 2728 ros
1345 2660 1418 2747 jam
1434 2682 1559 2729 omnes

333 2777 417 2844 salvi
435 2798 510 2843 esse
526 2774 665 2862 possitis
680 2782 734 2859 α).
754 2802 768 2836 n

379 2892 504 2975 ltaque
518 2890 650 2978 dejure
666 2911 808 2957 summo
823 2891 975 2957 consulis
996 2914 1112 2981 neque
1134 2891 1211 2981 ipse
1231 2892 1430 2973 dubitabat,
1441 2914 1561 2981 neque

334 3006 506 3099 populum
538 3005 698 3075 dubitare
725 3005 774 3074 ita
805 3029 870 3094 pro
897 3026 994 3074 certo
1026 3007 1180 3075 habebat
1209 3026 1259 3090 ut,
1286 3030 1407 3076 coram
1431 3008 1564 3098 populo

341 3125 430 3213 ipso,
460 3122 625 3214 quamvis
648 3140 726 3190 turn
748 3121 919 3192 Catilinae
939 3123 1096 3211 partibus
1121 3124 1203 3191 satis
1231 3124 1374 3209 faveret,
1406 3123 1564 3214 profiteri

335 3239 478 3309 auderet
507 3239 709 3329 oportuisse
730 3239 801 3326 jam
826 3238 1036 3306 interimeret
1063 3239 1265 3324 Catilinam,
1293 3262 1428 3308 severo
1449 3240 1566 3307 socios

337 3355 427 3444 ejus,
441 3353 470 3421 si
487 3376 541 3422 res
553 3366 724 3447 posceret,
738 3371 834 3421 certo
847 3376 924 3421 esse
940 3354 1245 3444 interempturum.

385 3472 510 3558 Neque
523 3471 652 3537 clamat
665 3469 822 3558 populus
835 3469 873 3537 id
885 3469 943 3536 sui
958 3470 1041 3555 juris
1060 3493 1149 3550 esse,
1171 3493 1244 3538 non
1274 3490 1429 3555 senatus,
1456 3493 1569 3558 neque

339 3585 508 3654 consulis.
521 3584 656 3653 Dicenti
669 3584 811 3652 consuli
822 3588 1066 3652 assentiuntur
1075 3608 1216 3670 omnes,
1225 3586 1311 3675 quin
1322 3587 1438 3667 etiam,
1449 3608 1570 3653 mense

341 3718 618 3783 transacto‚cum
628 3701 724 3790 quod
733 3700 1018 3790 pronuntiaverat
1031 3724 1069 3768 se
1080 3700 1227 3770 fortasse
1239 3725 1313 3771 esse
1325 3703 1518 3783 facturum,
1534 3700 1571 3768 id

343 3817 452 3906 reipsa
478 3815 537 3884 ille
571 3815 724 3902 fecisset,
758 3816 953 3903 conjuratis
989 3816 1146 3885 videlicet
1179 3817 1385 3896 interfectis,
1416 3818 1572 3908 populus

344 3952 472 4022 magno
486 3932 613 4020 plausu
628 3953 711 3999 eum
735 3932 880 4022 excepit,
902 3931 1175 4022 redeuntemque
1191 3934 1350 4012 domum,
1381 3952 1572 4024 postquam

347 4048 479 4115 dixerat
501 4074 516 4109 κ
539 4046 702 4114 vixerunt
719 4075 750 4131 »,
775 4047 937 4115 comitata
956 4066 1010 4115 est
1032 4070 1115 4115 cum
1142 4050 1363 4139 lampadibus
1383 4049 1573 4117 multitudo

348 4163 481 4254 ingens,
506 4161 741 4252 magistratus,
762 4162 913 4251 patricii,
940 4163 1078 4253 plebeii,
1095 4163 1175 4249 viri,
1200 4165 1378 4248 mulieres,
1402 4164 1449 4232 ita
1477 4185 1574 4233 com-

348 4277 447 4347 muni
457 4275 619 4346 omnium
632 4298 821 4364 consensu,
830 4295 869 4346 ut
883 4279 1043 4370 undique
1057 4281 1271 4348 clamaretur
1282 4302 1370 4361 rem,
1379 4279 1473 4348 miro
1486 4302 1576 4372 quo-

350 4395 432 4464 dam
446 4393 588 4477 mod0‚a
598 4394 738 4461 consule
754 4414 910 4464 curatam
927 4413 1147 4486 esse,utpote
1162 4395 1227 4486 qui
1239 4395 1576 4486 periculosissimam

387 4688 621 4760 inritantia,
640 4689 678 4745 11.

388 4763 430 4834 (ι)
442 4761 526 4832 nir„
544 4760 627 4821 xur.
