<?xml version="1.0" encoding="UTF-8"?>
<!DOCTYPE html PUBLIC "-//W3C//DTD XHTML 1.0 Transitional//EN"
    "http://www.w3.org/TR/xhtml1/DTD/xhtml1-transitional.dtd">
<html xmlns="http://www.w3.org/1999/xhtml" xml:lang="en" lang="en">
 <head>
  <title>
</title>
<meta http-equiv="Content-Type" content="text/html;charset=utf-8" />
  <meta name='ocr-system' content='tesseract 3.04.00' />
  <meta name='ocr-capabilities' content='ocr_page ocr_carea ocr_par ocr_line ocrx_word'/>
</head>
<body>
  <div class='ocr_page' id='page_1' title='image "./numlegitimeprud00bertgoog_0055.png"; bbox 0 0 3725 6050; ppageno 0'>
   <div class='ocr_carea' id='block_1_1' title="bbox 312 982 1549 3033">
    <p class='ocr_par' dir='ltr' id='par_1_1' title="bbox 312 982 1549 2107">
     <span class='ocr_line' id='line_1_1' title="bbox 312 982 1548 1076; baseline 0 -22"><span class='ocrx_word' id='word_1_1' title='bbox 312 1004 360 1056; x_wconf 87' lang='lat' dir='ltr'><strong>ut</strong></span> <span class='ocrx_word' id='word_1_2' title='bbox 375 986 424 1055; x_wconf 92' lang='lat' dir='ltr'><strong>ait</strong></span> <span class='ocrx_word' id='word_1_3' title='bbox 443 984 549 1054; x_wconf 87' lang='lat' dir='ltr'><strong>Titus</strong></span> <span class='ocrx_word' id='word_1_4' title='bbox 567 982 692 1052; x_wconf 93' lang='lat' dir='ltr'><strong>Livius</strong></span> <span class='ocrx_word' id='word_1_5' title='bbox 713 986 770 1071; x_wconf 76' lang='grc' dir='ltr'>(ι),</span> <span class='ocrx_word' id='word_1_6' title='bbox 788 1011 805 1047; x_wconf 86' lang='grc'>«</span> <span class='ocrx_word' id='word_1_7' title='bbox 822 983 968 1053; x_wconf 91' lang='lat' dir='ltr'><strong>ultimae</strong></span> <span class='ocrx_word' id='word_1_8' title='bbox 983 984 1204 1054; x_wconf 87' lang='lat' dir='ltr'><strong>necessitatis</strong></span> <span class='ocrx_word' id='word_1_9' title='bbox 1220 1013 1236 1047; x_wconf 94' lang='lat'>»</span> <span class='ocrx_word' id='word_1_10' title='bbox 1258 1007 1298 1052; x_wconf 90' lang='lat' dir='ltr'><strong>ea</strong></span> <span class='ocrx_word' id='word_1_11' title='bbox 1314 1007 1406 1076; x_wconf 88' lang='lat' dir='ltr'><strong>quae</strong></span> <span class='ocrx_word' id='word_1_12' title='bbox 1420 984 1548 1054; x_wconf 89' lang='lat' dir='ltr'><strong>dicitur</strong></span> 
     </span>
     <span class='ocr_line' id='line_1_2' title="bbox 319 1090 1546 1183; baseline 0 -21"><span class='ocrx_word' id='word_1_13' title='bbox 319 1093 371 1162; x_wconf 89' lang='lat' dir='ltr'><strong>vis</strong></span> <span class='ocrx_word' id='word_1_14' title='bbox 392 1090 591 1161; x_wconf 90' lang='lat' dir='ltr'><strong>dictatoria.</strong></span> <span class='ocrx_word' id='word_1_15' title='bbox 609 1090 775 1160; x_wconf 90' lang='lat' dir='ltr'><strong>Primum</strong></span> <span class='ocrx_word' id='word_1_16' title='bbox 796 1113 859 1183; x_wconf 91' lang='lat' dir='ltr'><strong>per</strong></span> <span class='ocrx_word' id='word_1_17' title='bbox 880 1090 1068 1183; x_wconf 85' lang='lat' dir='ltr'><strong>magistros</strong></span> <span class='ocrx_word' id='word_1_18' title='bbox 1092 1092 1227 1183; x_wconf 88' lang='lat' dir='ltr'><strong>populi,</strong></span> <span class='ocrx_word' id='word_1_19' title='bbox 1244 1091 1372 1160; x_wconf 91' lang='lat' dir='ltr'><strong>deinde</strong></span> <span class='ocrx_word' id='word_1_20' title='bbox 1396 1092 1546 1162; x_wconf 85' lang='lat' dir='ltr'><strong>maxime</strong></span> 
     </span>
     <span class='ocr_line' id='line_1_3' title="bbox 317 1207 1548 1302; baseline -0.001 -24"><span class='ocrx_word' id='word_1_21' title='bbox 317 1232 380 1302; x_wconf 88' lang='lat' dir='ltr'><strong>per</strong></span> <span class='ocrx_word' id='word_1_22' title='bbox 393 1208 569 1287; x_wconf 89' lang='lat' dir='ltr'><strong>consules,</strong></span> <span class='ocrx_word' id='word_1_23' title='bbox 589 1228 727 1298; x_wconf 88' lang='lat' dir='ltr'>semper</span> <span class='ocrx_word' id='word_1_24' title='bbox 738 1219 857 1277; x_wconf 90' lang='lat' dir='ltr'><strong>autem</strong></span> <span class='ocrx_word' id='word_1_25' title='bbox 875 1207 975 1296; x_wconf 87' lang='lat' dir='ltr'><strong>jussu</strong></span> <span class='ocrx_word' id='word_1_26' title='bbox 991 1223 1144 1289; x_wconf 69' lang='lat' dir='ltr'><strong>senatus</strong></span> <span class='ocrx_word' id='word_1_27' title='bbox 1162 1207 1261 1277; x_wconf 91' lang='lat' dir='ltr'><strong>illam</strong></span> <span class='ocrx_word' id='word_1_28' title='bbox 1278 1207 1462 1276; x_wconf 79' lang='lat' dir='ltr'><strong>exercitam</strong></span> <span class='ocrx_word' id='word_1_29' title='bbox 1476 1231 1548 1277; x_wconf 91' lang='lat' dir='ltr'><strong>esse</strong></span> 
     </span>
     <span class='ocr_line' id='line_1_4' title="bbox 318 1320 1547 1393; baseline -0.001 0"><span class='ocrx_word' id='word_1_30' title='bbox 318 1324 488 1393; x_wconf 89' lang='lat' dir='ltr'><strong>vidimus.</strong></span> <span class='ocrx_word' id='word_1_31' title='bbox 515 1324 708 1391; x_wconf 91' lang='lat' dir='ltr'><strong>Decernere</strong></span> <span class='ocrx_word' id='word_1_32' title='bbox 731 1339 851 1390; x_wconf 87' lang='lat' dir='ltr'><strong>tamen</strong></span> <span class='ocrx_word' id='word_1_33' title='bbox 877 1320 1043 1393; x_wconf 86' lang='lat' dir='ltr'><strong>Senatum</strong></span> <span class='ocrx_word' id='word_1_34' title='bbox 1077 1350 1092 1383; x_wconf 74' lang='grc' dir='ltr'>ι</span> <span class='ocrx_word' id='word_1_35' title='bbox 1120 1322 1279 1392; x_wconf 91' lang='lat' dir='ltr'><strong>viderent</strong></span> <span class='ocrx_word' id='word_1_36' title='bbox 1310 1324 1475 1392; x_wconf 90' lang='lat' dir='ltr'><strong>consules</strong></span> <span class='ocrx_word' id='word_1_37' title='bbox 1503 1346 1547 1392; x_wconf 91' lang='lat' dir='ltr'><strong>ne</strong></span> 
     </span>
     <span class='ocr_line' id='line_1_5' title="bbox 318 1436 1547 1530; baseline -0.002 -22"><span class='ocrx_word' id='word_1_38' title='bbox 318 1440 403 1530; x_wconf 91' lang='lat' dir='ltr'><strong>quid</strong></span> <span class='ocrx_word' id='word_1_39' title='bbox 442 1436 640 1529; x_wconf 87' lang='lat' dir='ltr'><strong>respublica</strong></span> <span class='ocrx_word' id='word_1_40' title='bbox 678 1436 886 1506; x_wconf 87' lang='lat' dir='ltr'><strong>detrimenti</strong></span> <span class='ocrx_word' id='word_1_41' title='bbox 924 1455 1063 1528; x_wconf 89' lang='lat' dir='ltr'><strong>caperet</strong></span> <span class='ocrx_word' id='word_1_42' title='bbox 1100 1465 1115 1501; x_wconf 75' lang='lat' dir='ltr'><strong>x</strong></span> <span class='ocrx_word' id='word_1_43' title='bbox 1155 1460 1196 1507; x_wconf 90' lang='lat' dir='ltr'><strong>eo</strong></span> <span class='ocrx_word' id='word_1_44' title='bbox 1230 1438 1335 1506; x_wconf 88' lang='lat' dir='ltr'><strong>etiam</strong></span> <span class='ocrx_word' id='word_1_45' title='bbox 1373 1456 1547 1528; x_wconf 91' lang='lat' dir='ltr'><strong>tempore,</strong></span> 
     </span>
     <span class='ocr_line' id='line_1_6' title="bbox 317 1553 1545 1645; baseline -0.002 -20"><span class='ocrx_word' id='word_1_46' title='bbox 317 1554 480 1645; x_wconf 86' lang='lat' dir='ltr'><strong>quamvis</strong></span> <span class='ocrx_word' id='word_1_47' title='bbox 499 1554 625 1636; x_wconf 88' lang='lat' dir='ltr'><strong>rarius,</strong></span> <span class='ocrx_word' id='word_1_48' title='bbox 644 1569 854 1643; x_wconf 89' lang='lat' dir='ltr'><strong>usurpatum</strong></span> <span class='ocrx_word' id='word_1_49' title='bbox 869 1570 921 1621; x_wconf 92' lang='lat' dir='ltr'><strong>est</strong></span> <span class='ocrx_word' id='word_1_50' title='bbox 942 1575 1012 1644; x_wconf 89' lang='lat' dir='ltr'><strong>quo</strong></span> <span class='ocrx_word' id='word_1_51' title='bbox 1032 1553 1220 1622; x_wconf 85' lang='lat' dir='ltr'><strong>dictatores</strong></span> <span class='ocrx_word' id='word_1_52' title='bbox 1242 1553 1308 1643; x_wconf 92' lang='lat' dir='ltr'><strong>ipsi</strong></span> <span class='ocrx_word' id='word_1_53' title='bbox 1331 1554 1545 1623; x_wconf 87' lang='lat' dir='ltr'><strong>dicebantur.</strong></span> 
     </span>
     <span class='ocr_line' id='line_1_7' title="bbox 317 1668 1549 1761; baseline -0.002 -22"><span class='ocrx_word' id='word_1_54' title='bbox 317 1670 372 1739; x_wconf 85' lang='lat' dir='ltr'><strong>Ita</strong></span> <span class='ocrx_word' id='word_1_55' title='bbox 385 1671 423 1739; x_wconf 88' lang='lat' dir='ltr'><strong>fit</strong></span> <span class='ocrx_word' id='word_1_56' title='bbox 436 1686 487 1757; x_wconf 93' lang='lat' dir='ltr'><strong>ut,</strong></span> <span class='ocrx_word' id='word_1_57' title='bbox 503 1668 540 1737; x_wconf 89' lang='lat' dir='ltr'><strong>in</strong></span> <span class='ocrx_word' id='word_1_58' title='bbox 555 1691 591 1737; x_wconf 91' lang='lat' dir='ltr'><strong>re</strong></span> <span class='ocrx_word' id='word_1_59' title='bbox 614 1668 687 1751; x_wconf 89' lang='lat' dir='ltr'><strong>illa,</strong></span> <span class='ocrx_word' id='word_1_60' title='bbox 702 1690 800 1737; x_wconf 92' lang='lat' dir='ltr'><strong>more</strong></span> <span class='ocrx_word' id='word_1_61' title='bbox 823 1669 1000 1758; x_wconf 75' lang='lat' dir='ltr'><strong>majorum</strong></span> <span class='ocrx_word' id='word_1_62' title='bbox 1020 1668 1133 1761; x_wconf 86' lang='lat' dir='ltr'><strong>egisse</strong></span> <span class='ocrx_word' id='word_1_63' title='bbox 1154 1669 1248 1737; x_wconf 93' lang='lat' dir='ltr'><strong>idem</strong></span> <span class='ocrx_word' id='word_1_64' title='bbox 1269 1686 1414 1738; x_wconf 89' lang='lat' dir='ltr'><strong>senatus</strong></span> <span class='ocrx_word' id='word_1_65' title='bbox 1435 1669 1549 1738; x_wconf 89' lang='lat' dir='ltr'><strong>existi-</strong></span> 
     </span>
     <span class='ocr_line' id='line_1_8' title="bbox 318 1784 1547 1875; baseline 0 -21"><span class='ocrx_word' id='word_1_66' title='bbox 318 1785 469 1855; x_wconf 87' lang='lat' dir='ltr'><strong>mandus</strong></span> <span class='ocrx_word' id='word_1_67' title='bbox 484 1784 541 1854; x_wconf 90' lang='lat' dir='ltr'><strong>sit.</strong></span> <span class='ocrx_word' id='word_1_68' title='bbox 558 1785 609 1852; x_wconf 91' lang='lat' dir='ltr'><strong>De</strong></span> <span class='ocrx_word' id='word_1_69' title='bbox 623 1804 694 1871; x_wconf 92' lang='lat' dir='ltr'><strong>quo</strong></span> <span class='ocrx_word' id='word_1_70' title='bbox 713 1800 831 1853; x_wconf 89' lang='lat' dir='ltr'><strong>tamen</strong></span> <span class='ocrx_word' id='word_1_71' title='bbox 847 1784 987 1874; x_wconf 89' lang='lat' dir='ltr'><strong>scripsit</strong></span> <span class='ocrx_word' id='word_1_72' title='bbox 1005 1786 1205 1854; x_wconf 89' lang='lat' dir='ltr'><strong>Mommsen</strong></span> <span class='ocrx_word' id='word_1_73' title='bbox 1224 1807 1232 1853; x_wconf 93' lang='lat'>:</span> <span class='ocrx_word' id='word_1_74' title='bbox 1253 1812 1269 1849; x_wconf 75' lang='lat' dir='ltr'><strong>u</strong></span> <span class='ocrx_word' id='word_1_75' title='bbox 1285 1789 1379 1854; x_wconf 87' lang='lat' dir='ltr'><strong>Certe</strong></span> <span class='ocrx_word' id='word_1_76' title='bbox 1396 1784 1547 1875; x_wconf 91' lang='lat' dir='ltr'><strong>pseudo·</strong></span> 
     </span>
     <span class='ocr_line' id='line_1_9' title="bbox 317 1898 1549 1990; baseline -0.001 -20"><span class='ocrx_word' id='word_1_77' title='bbox 317 1901 484 1971; x_wconf 90' lang='lat' dir='ltr'><strong>dictature</strong></span> <span class='ocrx_word' id='word_1_78' title='bbox 499 1899 628 1969; x_wconf 91' lang='lat' dir='ltr'><strong>e&#39;tablie</strong></span> <span class='ocrx_word' id='word_1_79' title='bbox 650 1921 713 1990; x_wconf 88' lang='lat' dir='ltr'><strong>par</strong></span> <span class='ocrx_word' id='word_1_80' title='bbox 737 1900 767 1969; x_wconf 92' lang='lat' dir='ltr'><strong>le</strong></span> <span class='ocrx_word' id='word_1_81' title='bbox 789 1900 896 1970; x_wconf 77' lang='lat' dir='ltr'><strong>Senat</strong></span> <span class='ocrx_word' id='word_1_82' title='bbox 917 1917 967 1969; x_wconf 93' lang='lat' dir='ltr'><strong>est</strong></span> <span class='ocrx_word' id='word_1_83' title='bbox 988 1898 1154 1990; x_wconf 73' lang='lat' dir='ltr'><strong>regardee</strong></span> <span class='ocrx_word' id='word_1_84' title='bbox 1169 1922 1302 1969; x_wconf 90' lang='lat' dir='ltr'><strong>comme</strong></span> <span class='ocrx_word' id='word_1_85' title='bbox 1318 1923 1385 1969; x_wconf 93' lang='lat' dir='ltr'><strong>une</strong></span> <span class='ocrx_word' id='word_1_86' title='bbox 1411 1899 1549 1970; x_wconf 89' lang='lat' dir='ltr'><strong>institu-</strong></span> 
     </span>
     <span class='ocr_line' id='line_1_10' title="bbox 318 2014 1286 2107; baseline -0.006 -21"><span class='ocrx_word' id='word_1_87' title='bbox 318 2016 393 2086; x_wconf 91' lang='lat' dir='ltr'><strong>tion</strong></span> <span class='ocrx_word' id='word_1_88' title='bbox 406 2015 577 2107; x_wconf 88' lang='lat' dir='ltr'><strong>politique</strong></span> <span class='ocrx_word' id='word_1_89' title='bbox 592 2014 717 2085; x_wconf 76' lang='lat' dir='ltr'><strong>etablie</strong></span> <span class='ocrx_word' id='word_1_90' title='bbox 733 2038 777 2084; x_wconf 92' lang='lat' dir='ltr'><strong>au</strong></span> <span class='ocrx_word' id='word_1_91' title='bbox 792 2033 906 2106; x_wconf 92' lang='lat' dir='ltr'><strong>temps</strong></span> <span class='ocrx_word' id='word_1_92' title='bbox 922 2016 987 2083; x_wconf 93' lang='lat' dir='ltr'><strong>des</strong></span> <span class='ocrx_word' id='word_1_93' title='bbox 1002 2014 1184 2106; x_wconf 90' lang='lat' dir='ltr'><strong>Gracques</strong></span> <span class='ocrx_word' id='word_1_94' title='bbox 1196 2020 1254 2104; x_wconf 71' lang='grc'>(2).</span> <span class='ocrx_word' id='word_1_95' title='bbox 1270 2042 1286 2080; x_wconf 78' lang='lat' dir='ltr'><strong>x</strong></span> 
     </span>
    </p>

    <p class='ocr_par' dir='ltr' id='par_1_2' title="bbox 317 2130 1548 2681">
     <span class='ocr_line' id='line_1_11' title="bbox 362 2130 1547 2222; baseline 0 -21"><span class='ocrx_word' id='word_1_96' title='bbox 362 2133 465 2201; x_wconf 90' lang='lat' dir='ltr'><strong>Falso</strong></span> <span class='ocrx_word' id='word_1_97' title='bbox 479 2149 608 2201; x_wconf 88' lang='lat' dir='ltr'><strong>autem.</strong></span> <span class='ocrx_word' id='word_1_98' title='bbox 623 2132 831 2199; x_wconf 89' lang='lat' dir='ltr'><strong>Mommsen</strong></span> <span class='ocrx_word' id='word_1_99' title='bbox 844 2130 954 2214; x_wconf 90' lang='lat' dir='ltr'><strong>enim,</strong></span> <span class='ocrx_word' id='word_1_100' title='bbox 965 2130 1059 2221; x_wconf 91' lang='lat' dir='ltr'><strong>iique</strong></span> <span class='ocrx_word' id='word_1_101' title='bbox 1073 2131 1205 2222; x_wconf 90' lang='lat' dir='ltr'><strong>quibus</strong></span> <span class='ocrx_word' id='word_1_102' title='bbox 1220 2151 1460 2216; x_wconf 88' lang='lat' dir='ltr'><strong>assensusest‚</strong></span> <span class='ocrx_word' id='word_1_103' title='bbox 1476 2156 1547 2201; x_wconf 93' lang='lat' dir='ltr'><strong>non</strong></span> 
     </span>
     <span class='ocr_line' id='line_1_12' title="bbox 317 2246 1547 2337; baseline 0.001 -21"><span class='ocrx_word' id='word_1_104' title='bbox 317 2247 427 2316; x_wconf 92' lang='lat' dir='ltr'><strong>alium</strong></span> <span class='ocrx_word' id='word_1_105' title='bbox 441 2246 638 2316; x_wconf 90' lang='lat' dir='ltr'><strong>sententiae</strong></span> <span class='ocrx_word' id='word_1_106' title='bbox 652 2262 834 2315; x_wconf 88' lang='lat' dir='ltr'><strong>auctorem</strong></span> <span class='ocrx_word' id='word_1_107' title='bbox 853 2246 981 2315; x_wconf 90' lang='lat' dir='ltr'><strong>habent</strong></span> <span class='ocrx_word' id='word_1_108' title='bbox 997 2269 1106 2337; x_wconf 91' lang='lat' dir='ltr'><strong>quam</strong></span> <span class='ocrx_word' id='word_1_109' title='bbox 1121 2248 1361 2316; x_wconf 87' lang='lat' dir='ltr'><strong>Plutarchum.</strong></span> <span class='ocrx_word' id='word_1_110' title='bbox 1381 2250 1436 2317; x_wconf 91' lang='lat' dir='ltr'><strong>Eo</strong></span> <span class='ocrx_word' id='word_1_111' title='bbox 1452 2249 1547 2317; x_wconf 91' lang='lat' dir='ltr'><strong>enim</strong></span> 
     </span>
     <span class='ocr_line' id='line_1_13' title="bbox 317 2360 1548 2453; baseline 0 -21"><span class='ocrx_word' id='word_1_112' title='bbox 317 2364 394 2432; x_wconf 93' lang='lat' dir='ltr'><strong>loco</strong></span> <span class='ocrx_word' id='word_1_113' title='bbox 408 2385 479 2452; x_wconf 89' lang='lat' dir='ltr'><strong>quo</strong></span> <span class='ocrx_word' id='word_1_114' title='bbox 497 2380 663 2447; x_wconf 91' lang='lat' dir='ltr'><strong>utuntur,</strong></span> <span class='ocrx_word' id='word_1_115' title='bbox 683 2360 835 2452; x_wconf 90' lang='lat' dir='ltr'><strong>primum</strong></span> <span class='ocrx_word' id='word_1_116' title='bbox 850 2362 1041 2431; x_wconf 87' lang='lat' dir='ltr'><strong>consulum</strong></span> <span class='ocrx_word' id='word_1_117' title='bbox 1056 2362 1238 2431; x_wconf 89' lang='lat' dir='ltr'><strong>dictatoria</strong></span> <span class='ocrx_word' id='word_1_118' title='bbox 1255 2380 1424 2453; x_wconf 91' lang='lat' dir='ltr'><strong>potestate</strong></span> <span class='ocrx_word' id='word_1_119' title='bbox 1445 2386 1548 2433; x_wconf 90' lang='lat' dir='ltr'><strong>usum</strong></span> 
     </span>
     <span class='ocr_line' id='line_1_14' title="bbox 317 2477 1548 2570; baseline 0.002 -23"><span class='ocrx_word' id='word_1_120' title='bbox 317 2501 393 2547; x_wconf 90' lang='lat' dir='ltr'><strong>esse</strong></span> <span class='ocrx_word' id='word_1_121' title='bbox 409 2481 451 2547; x_wconf 91' lang='lat' dir='ltr'><strong>L.</strong></span> <span class='ocrx_word' id='word_1_122' title='bbox 463 2477 661 2569; x_wconf 90' lang='lat' dir='ltr'><strong>Opimium,</strong></span> <span class='ocrx_word' id='word_1_123' title='bbox 672 2500 754 2546; x_wconf 90' lang='lat' dir='ltr'><strong>cum</strong></span> <span class='ocrx_word' id='word_1_124' title='bbox 765 2477 896 2549; x_wconf 88' lang='lat' dir='ltr'><strong>Caium</strong></span> <span class='ocrx_word' id='word_1_125' title='bbox 913 2477 1116 2547; x_wconf 88' lang='lat' dir='ltr'><strong>Gracchum</strong></span> <span class='ocrx_word' id='word_1_126' title='bbox 1129 2496 1280 2561; x_wconf 88' lang='lat' dir='ltr'><strong>necaret,</strong></span> <span class='ocrx_word' id='word_1_127' title='bbox 1290 2478 1392 2548; x_wconf 91' lang='lat' dir='ltr'><strong>docet</strong></span> <span class='ocrx_word' id='word_1_128' title='bbox 1405 2480 1548 2570; x_wconf 92' lang='lat' dir='ltr'><strong>quidem</strong></span> 
     </span>
     <span class='ocr_line' id='line_1_15' title="bbox 317 2593 1025 2681; baseline 0 -19"><span class='ocrx_word' id='word_1_129' title='bbox 317 2595 528 2663; x_wconf 90' lang='lat' dir='ltr'><strong>Plutarchus</strong></span> <span class='ocrx_word' id='word_1_130' title='bbox 541 2595 598 2681; x_wconf 73' lang='lat'><strong>(3),</strong></span> <span class='ocrx_word' id='word_1_131' title='bbox 616 2612 704 2663; x_wconf 89' lang='lat' dir='ltr'><strong>errat</strong></span> <span class='ocrx_word' id='word_1_132' title='bbox 719 2610 839 2663; x_wconf 89' lang='lat' dir='ltr'><strong>autem</strong></span> <span class='ocrx_word' id='word_1_133' title='bbox 856 2593 1025 2662; x_wconf 82' lang='lat' dir='ltr'><strong>docendo.</strong></span> 
     </span>
    </p>

    <p class='ocr_par' dir='ltr' id='par_1_3' title="bbox 315 2707 1547 3033">
     <span class='ocr_line' id='line_1_16' title="bbox 362 2707 1546 2799; baseline -0.002 -18"><span class='ocrx_word' id='word_1_134' title='bbox 362 2712 455 2781; x_wconf 87' lang='lat' dir='ltr'><strong>Nam</strong></span> <span class='ocrx_word' id='word_1_135' title='bbox 480 2709 643 2778; x_wconf 90' lang='lat' dir='ltr'><strong>trecentis</strong></span> <span class='ocrx_word' id='word_1_136' title='bbox 660 2709 808 2799; x_wconf 91' lang='lat' dir='ltr'><strong>amplius</strong></span> <span class='ocrx_word' id='word_1_137' title='bbox 828 2708 933 2779; x_wconf 88' lang='lat' dir='ltr'><strong>annis</strong></span> <span class='ocrx_word' id='word_1_138' title='bbox 950 2726 1033 2779; x_wconf 89' lang='lat' dir='ltr'><strong>ante</strong></span> <span class='ocrx_word' id='word_1_139' title='bbox 1047 2707 1224 2779; x_wconf 90' lang='lat' dir='ltr'><strong>Gracchos</strong></span> <span class='ocrx_word' id='word_1_140' title='bbox 1239 2710 1414 2795; x_wconf 92' lang='lat' dir='ltr'><strong>tribunos,</strong></span> <span class='ocrx_word' id='word_1_141' title='bbox 1428 2712 1546 2779; x_wconf 90' lang='lat' dir='ltr'><strong>decre·</strong></span> 
     </span>
     <span class='ocr_line' id='line_1_17' title="bbox 315 2824 1547 2915; baseline 0.001 -20"><span class='ocrx_word' id='word_1_142' title='bbox 315 2843 393 2895; x_wconf 93' lang='lat' dir='ltr'><strong>tum</strong></span> <span class='ocrx_word' id='word_1_143' title='bbox 405 2825 573 2894; x_wconf 90' lang='lat' dir='ltr'><strong>ultimum</strong></span> <span class='ocrx_word' id='word_1_144' title='bbox 595 2848 615 2894; x_wconf 88' lang='lat' dir='ltr'><strong>a</strong></span> <span class='ocrx_word' id='word_1_145' title='bbox 632 2825 798 2894; x_wconf 87' lang='lat' dir='ltr'><strong>Patribus</strong></span> <span class='ocrx_word' id='word_1_146' title='bbox 819 2824 893 2894; x_wconf 89' lang='lat' dir='ltr'><strong>fieri</strong></span> <span class='ocrx_word' id='word_1_147' title='bbox 913 2843 1079 2915; x_wconf 91' lang='lat' dir='ltr'><strong>coeptum</strong></span> <span class='ocrx_word' id='word_1_148' title='bbox 1101 2848 1176 2894; x_wconf 89' lang='lat' dir='ltr'><strong>esse</strong></span> <span class='ocrx_word' id='word_1_149' title='bbox 1191 2825 1294 2895; x_wconf 91' lang='lat' dir='ltr'><strong>Titus</strong></span> <span class='ocrx_word' id='word_1_150' title='bbox 1310 2826 1434 2896; x_wconf 90' lang='lat' dir='ltr'><strong>Livius</strong></span> <span class='ocrx_word' id='word_1_151' title='bbox 1447 2826 1547 2896; x_wconf 89' lang='lat' dir='ltr'><strong>testis</strong></span> 
     </span>
     <span class='ocr_line' id='line_1_18' title="bbox 317 2940 1546 3033; baseline 0.001 -22"><span class='ocrx_word' id='word_1_152' title='bbox 317 2958 367 3012; x_wconf 92' lang='lat' dir='ltr'><strong>est</strong></span> <span class='ocrx_word' id='word_1_153' title='bbox 382 2945 437 3030; x_wconf 82' lang='grc'>(4).</span> <span class='ocrx_word' id='word_1_154' title='bbox 457 2942 589 3010; x_wconf 88' lang='lat' dir='ltr'><strong>Narrat</strong></span> <span class='ocrx_word' id='word_1_155' title='bbox 601 2940 711 3027; x_wconf 88' lang='lat' dir='ltr'><strong>enim,</strong></span> <span class='ocrx_word' id='word_1_156' title='bbox 725 2963 817 3009; x_wconf 91' lang='lat' dir='ltr'><strong>anno</strong></span> <span class='ocrx_word' id='word_1_157' title='bbox 835 2962 903 3033; x_wconf 78' lang='lat'><strong>²90</strong></span> <span class='ocrx_word' id='word_1_158' title='bbox 920 2941 1031 3013; x_wconf 91' lang='lat' dir='ltr'><strong>Urbis</strong></span> <span class='ocrx_word' id='word_1_159' title='bbox 1045 2941 1217 3011; x_wconf 89' lang='lat' dir='ltr'><strong>Conditae</strong></span> <span class='ocrx_word' id='word_1_160' title='bbox 1232 2942 1310 3030; x_wconf 80' lang='lat'><strong>(463</strong></span> <span class='ocrx_word' id='word_1_161' title='bbox 1328 2965 1360 3011; x_wconf 89' lang='lat' dir='ltr'><strong>a.</strong></span> <span class='ocrx_word' id='word_1_162' title='bbox 1377 2944 1396 3011; x_wconf 90' lang='lat' dir='ltr'>J</span> <span class='ocrx_word' id='word_1_163' title='bbox 1403 2943 1487 3031; x_wconf 81' lang='lat' dir='ltr'><strong>.·C.)</strong></span> <span class='ocrx_word' id='word_1_164' title='bbox 1502 2944 1546 3012; x_wconf 91' lang='lat' dir='ltr'><strong>ab</strong></span> 
     </span>
    </p>
   </div>
   <div class='ocr_carea' id='block_1_2' title="bbox 313 3057 1546 3842">
    <p class='ocr_par' dir='ltr' id='par_1_4' title="bbox 313 3057 1546 3729">
     <span class='ocr_line' id='line_1_19' title="bbox 314 3057 1546 3149; baseline 0.001 -22"><span class='ocrx_word' id='word_1_165' title='bbox 314 3057 448 3149; x_wconf 86' lang='lat' dir='ltr'><strong>Aequis</strong></span> <span class='ocrx_word' id='word_1_166' title='bbox 464 3080 575 3126; x_wconf 91' lang='lat' dir='ltr'><strong>unum</strong></span> <span class='ocrx_word' id='word_1_167' title='bbox 589 3058 775 3126; x_wconf 91' lang='lat' dir='ltr'><strong>consulum</strong></span> <span class='ocrx_word' id='word_1_168' title='bbox 789 3079 871 3126; x_wconf 92' lang='lat' dir='ltr'><strong>curn</strong></span> <span class='ocrx_word' id='word_1_169' title='bbox 887 3058 962 3126; x_wconf 90' lang='lat' dir='ltr'><strong>suis</strong></span> <span class='ocrx_word' id='word_1_170' title='bbox 976 3058 1272 3127; x_wconf 88' lang='lat' dir='ltr'><strong>circumclausum</strong></span> <span class='ocrx_word' id='word_1_171' title='bbox 1283 3082 1368 3129; x_wconf 90' lang='lat' dir='ltr'><strong>esse.</strong></span> <span class='ocrx_word' id='word_1_172' title='bbox 1386 3061 1546 3128; x_wconf 92' lang='lat' dir='ltr'><strong>Fuerunt</strong></span> 
     </span>
     <span class='ocr_line' id='line_1_20' title="bbox 315 3173 1542 3265; baseline 0 -21"><span class='ocrx_word' id='word_1_173' title='bbox 315 3191 430 3245; x_wconf 90' lang='lat' dir='ltr'><strong>autem</strong></span> <span class='ocrx_word' id='word_1_174' title='bbox 438 3173 498 3264; x_wconf 92' lang='lat' dir='ltr'><strong>qui</strong></span> <span class='ocrx_word' id='word_1_175' title='bbox 513 3176 665 3243; x_wconf 90' lang='lat' dir='ltr'><strong>Romam</strong></span> <span class='ocrx_word' id='word_1_176' title='bbox 675 3174 806 3262; x_wconf 91' lang='lat' dir='ltr'><strong>venire,</strong></span> <span class='ocrx_word' id='word_1_177' title='bbox 820 3196 968 3264; x_wconf 90' lang='lat' dir='ltr'><strong>remque</strong></span> <span class='ocrx_word' id='word_1_178' title='bbox 979 3174 1114 3244; x_wconf 91' lang='lat' dir='ltr'><strong>senatui</strong></span> <span class='ocrx_word' id='word_1_179' title='bbox 1130 3173 1295 3243; x_wconf 88' lang='lat' dir='ltr'><strong>nuntiare</strong></span> <span class='ocrx_word' id='word_1_180' title='bbox 1305 3195 1542 3265; x_wconf 89' lang='lat' dir='ltr'><strong>properarent.</strong></span> 
     </span>
     <span class='ocr_line' id='line_1_21' title="bbox 314 3289 1545 3379; baseline 0 -19"><span class='ocrx_word' id='word_1_181' title='bbox 314 3292 410 3360; x_wconf 89' lang='lat' dir='ltr'><strong>Tum</strong></span> <span class='ocrx_word' id='word_1_182' title='bbox 442 3317 458 3354; x_wconf 79' lang='lat' dir='ltr'><strong>x</strong></span> <span class='ocrx_word' id='word_1_183' title='bbox 486 3307 621 3358; x_wconf 91' lang='lat' dir='ltr'><strong>tantum</strong></span> <span class='ocrx_word' id='word_1_184' title='bbox 646 3307 818 3358; x_wconf 90' lang='lat' dir='ltr'><strong>terrorem</strong></span> <span class='ocrx_word' id='word_1_185' title='bbox 846 3289 1024 3359; x_wconf 90' lang='lat' dir='ltr'><strong>incussere</strong></span> <span class='ocrx_word' id='word_1_186' title='bbox 1055 3289 1222 3358; x_wconf 88' lang='lat' dir='ltr'><strong>Patribus</strong></span> <span class='ocrx_word' id='word_1_187' title='bbox 1246 3307 1285 3358; x_wconf 89' lang='lat' dir='ltr'><strong>ut</strong></span> <span class='ocrx_word' id='word_1_188' title='bbox 1311 3294 1411 3379; x_wconf 87' lang='lat' dir='ltr'><strong>(quae</strong></span> <span class='ocrx_word' id='word_1_189' title='bbox 1432 3291 1545 3361; x_wconf 81' lang='lat' dir='ltr'><strong>forma</strong></span> 
     </span>
     <span class='ocr_line' id='line_1_22' title="bbox 314 3405 1545 3497; baseline 0 -23"><span class='ocrx_word' id='word_1_190' title='bbox 314 3405 606 3475; x_wconf 90' lang='lat' dir='ltr'><strong>senatusconsulti</strong></span> <span class='ocrx_word' id='word_1_191' title='bbox 625 3405 767 3474; x_wconf 89' lang='lat' dir='ltr'><strong>ultimae</strong></span> <span class='ocrx_word' id='word_1_192' title='bbox 780 3427 920 3497; x_wconf 89' lang='lat' dir='ltr'><strong>semper</strong></span> <span class='ocrx_word' id='word_1_193' title='bbox 945 3405 1169 3475; x_wconf 89' lang='lat' dir='ltr'><strong>necessitatis</strong></span> <span class='ocrx_word' id='word_1_194' title='bbox 1182 3405 1302 3475; x_wconf 87' lang='lat' dir='ltr'><strong>habita</strong></span> <span class='ocrx_word' id='word_1_195' title='bbox 1316 3412 1380 3492; x_wconf 87' lang='lat' dir='ltr'><strong>est)</strong></span> <span class='ocrx_word' id='word_1_196' title='bbox 1395 3407 1545 3475; x_wconf 92' lang='lat' dir='ltr'><strong>Posthu-</strong></span> 
     </span>
     <span class='ocr_line' id='line_1_23' title="bbox 313 3521 1544 3613; baseline 0.001 -24"><span class='ocrx_word' id='word_1_197' title='bbox 313 3521 387 3590; x_wconf 93' lang='lat' dir='ltr'><strong>mio</strong></span> <span class='ocrx_word' id='word_1_198' title='bbox 410 3521 516 3590; x_wconf 87' lang='lat' dir='ltr'><strong>alteri</strong></span> <span class='ocrx_word' id='word_1_199' title='bbox 537 3521 727 3590; x_wconf 88' lang='lat' dir='ltr'><strong>consulum</strong></span> <span class='ocrx_word' id='word_1_200' title='bbox 747 3521 931 3613; x_wconf 90' lang='lat' dir='ltr'><strong>negotium</strong></span> <span class='ocrx_word' id='word_1_201' title='bbox 945 3522 1086 3590; x_wconf 89' lang='lat' dir='ltr'><strong>daretur</strong></span> <span class='ocrx_word' id='word_1_202' title='bbox 1107 3521 1239 3590; x_wconf 89' lang='lat' dir='ltr'><strong>videret</strong></span> <span class='ocrx_word' id='word_1_203' title='bbox 1261 3544 1305 3590; x_wconf 93' lang='lat' dir='ltr'><strong>ne</strong></span> <span class='ocrx_word' id='word_1_204' title='bbox 1325 3521 1410 3611; x_wconf 92' lang='lat' dir='ltr'><strong>quid</strong></span> <span class='ocrx_word' id='word_1_205' title='bbox 1425 3544 1544 3612; x_wconf 90' lang='lat' dir='ltr'><strong>respu-</strong></span> 
     </span>
     <span class='ocr_line' id='line_1_24' title="bbox 315 3636 823 3729; baseline 0 -24"><span class='ocrx_word' id='word_1_206' title='bbox 315 3636 403 3706; x_wconf 89' lang='lat' dir='ltr'><strong>blica</strong></span> <span class='ocrx_word' id='word_1_207' title='bbox 423 3636 623 3706; x_wconf 89' lang='lat' dir='ltr'><strong>detrimenti</strong></span> <span class='ocrx_word' id='word_1_208' title='bbox 640 3654 777 3729; x_wconf 91' lang='lat' dir='ltr'><strong>caperet</strong></span> <span class='ocrx_word' id='word_1_209' title='bbox 792 3663 823 3705; x_wconf 86' lang='lat'><strong>».</strong></span> 
     </span>
    </p>

    <p class='ocr_par' dir='ltr' id='par_1_5' title="bbox 359 3752 1543 3842">
     <span class='ocr_line' id='line_1_25' title="bbox 359 3752 1543 3842; baseline -0.001 -19"><span class='ocrx_word' id='word_1_210' title='bbox 359 3754 487 3842; x_wconf 90' lang='lat' dir='ltr'><strong>Neque</strong></span> <span class='ocrx_word' id='word_1_211' title='bbox 499 3775 581 3820; x_wconf 90' lang='lat' dir='ltr'><strong>cum</strong></span> <span class='ocrx_word' id='word_1_212' title='bbox 595 3753 808 3842; x_wconf 87' lang='lat' dir='ltr'><strong>quibusdam</strong></span> <span class='ocrx_word' id='word_1_213' title='bbox 824 3752 952 3822; x_wconf 85' lang='lat' dir='ltr'><strong>dixeris</strong></span> <span class='ocrx_word' id='word_1_214' title='bbox 967 3770 1054 3835; x_wconf 90' lang='lat' dir='ltr'><strong>tum,</strong></span> <span class='ocrx_word' id='word_1_215' title='bbox 1066 3753 1146 3820; x_wconf 89' lang='lat' dir='ltr'><strong>belli</strong></span> <span class='ocrx_word' id='word_1_216' title='bbox 1164 3775 1269 3822; x_wconf 86' lang='lat' dir='ltr'><strong>causa</strong></span> <span class='ocrx_word' id='word_1_217' title='bbox 1285 3769 1543 3835; x_wconf 90' lang='lat' dir='ltr'><strong>tantum,sena·</strong></span> 
     </span>
    </p>
   </div>
   <div class='ocr_carea' id='block_1_3' title="bbox 310 3946 1542 4945">
    <p class='ocr_par' dir='ltr' id='par_1_6' title="bbox 363 3948 500 4012">
     <span class='ocr_line' id='line_1_26' title="bbox 363 3948 500 4012; baseline 0 -11"><span class='ocrx_word' id='word_1_218' title='bbox 363 3964 372 4002; x_wconf 91' lang='lat' dir='ltr'><strong>r</strong></span> <span class='ocrx_word' id='word_1_219' title='bbox 403 3948 457 4012; x_wconf 88' lang='lat'><strong>111,</strong></span> <span class='ocrx_word' id='word_1_220' title='bbox 494 3988 500 4002; x_wconf 90' lang='lat'><strong>.</strong></span> 
     </span>
    </p>

    <p class='ocr_par' dir='ltr' id='par_1_7' title="bbox 311 3946 1542 4661">
     <span class='ocr_line' id='line_1_27' title="bbox 348 3946 1542 4094; baseline 0.003 -22"><span class='ocrx_word' id='word_1_221' title='bbox 348 3946 388 4082; x_wconf 76' lang='lat' dir='ltr'><strong>lai</strong></span> <span class='ocrx_word' id='word_1_222' title='bbox 405 3963 531 4074; x_wconf 65' lang='lat' dir='ltr'><strong>Matiuel</strong></span> <span class='ocrx_word' id='word_1_223' title='bbox 553 4017 604 4074; x_wconf 86' lang='lat' dir='ltr'><strong>des</strong></span> <span class='ocrx_word' id='word_1_224' title='bbox 627 4018 789 4094; x_wconf 85' lang='lat' dir='ltr'><strong>Antiquite&#39;s</strong></span> <span class='ocrx_word' id='word_1_225' title='bbox 814 4036 900 4088; x_wconf 70' lang='lat' dir='ltr'><strong>rom,</strong></span> <span class='ocrx_word' id='word_1_226' title='bbox 925 4018 972 4077; x_wconf 86' lang='lat' dir='ltr'><strong>ch.</strong></span> <span class='ocrx_word' id='word_1_227' title='bbox 998 4037 1049 4084; x_wconf 89' lang='lat' dir='ltr'><strong>vn,</strong></span> <span class='ocrx_word' id='word_1_228' title='bbox 1072 4035 1101 4089; x_wconf 89' lang='lat' dir='ltr'><strong>p.</strong></span> <span class='ocrx_word' id='word_1_229' title='bbox 1123 4017 1191 4089; x_wconf 83' lang='lat'>473.</span> <span class='ocrx_word' id='word_1_230' title='bbox 1218 4017 1389 4085; x_wconf 89' lang='lat' dir='ltr'><strong>Quamdam</strong></span> <span class='ocrx_word' id='word_1_231' title='bbox 1412 4017 1542 4075; x_wconf 87' lang='lat' dir='ltr'><strong>fortasse</strong></span> 
     </span>
     <span class='ocr_line' id='line_1_28' title="bbox 313 4087 1542 4162; baseline 0 -16"><span class='ocrx_word' id='word_1_232' title='bbox 313 4088 439 4146; x_wconf 88' lang='lat' dir='ltr'><strong>adhibet</strong></span> <span class='ocrx_word' id='word_1_233' title='bbox 451 4089 683 4158; x_wconf 86' lang='lat' dir='ltr'><strong>correctionem,</strong></span> <span class='ocrx_word' id='word_1_234' title='bbox 703 4089 833 4147; x_wconf 93' lang='lat' dir='ltr'><strong>dicendo</strong></span> <span class='ocrx_word' id='word_1_235' title='bbox 852 4107 858 4144; x_wconf 91' lang='lat'>:</span> <span class='ocrx_word' id='word_1_236' title='bbox 877 4111 890 4140; x_wconf 80' lang='lat' dir='ltr'><strong>t&lt;</strong></span> <span class='ocrx_word' id='word_1_237' title='bbox 906 4092 933 4144; x_wconf 92' lang='lat' dir='ltr'><strong>A</strong></span> <span class='ocrx_word' id='word_1_238' title='bbox 946 4090 1077 4162; x_wconf 90' lang='lat' dir='ltr'><strong>prendre</strong></span> <span class='ocrx_word' id='word_1_239' title='bbox 1093 4089 1136 4144; x_wconf 90' lang='lat' dir='ltr'><strong>les</strong></span> <span class='ocrx_word' id='word_1_240' title='bbox 1152 4089 1261 4144; x_wconf 90' lang='lat' dir='ltr'><strong>choses</strong></span> <span class='ocrx_word' id='word_1_241' title='bbox 1275 4106 1312 4144; x_wconf 92' lang='lat' dir='ltr'><strong>en</strong></span> <span class='ocrx_word' id='word_1_242' title='bbox 1329 4087 1398 4144; x_wconf 93' lang='lat' dir='ltr'><strong>bloc</strong></span> <span class='ocrx_word' id='word_1_243' title='bbox 1413 4112 1441 4162; x_wconf 87' lang='lat'><strong>»‚</strong></span> <span class='ocrx_word' id='word_1_244' title='bbox 1455 4090 1542 4146; x_wconf 87' lang='lat' dir='ltr'><strong>mini·</strong></span> 
     </span>
     <span class='ocr_line' id='line_1_29' title="bbox 313 4158 1542 4242; baseline 0.002 -27"><span class='ocrx_word' id='word_1_245' title='bbox 313 4177 392 4215; x_wconf 91' lang='lat' dir='ltr'><strong>mam</strong></span> <span class='ocrx_word' id='word_1_246' title='bbox 410 4177 482 4215; x_wconf 90' lang='lat' dir='ltr'><strong>vero</strong></span> <span class='ocrx_word' id='word_1_247' title='bbox 498 4177 596 4242; x_wconf 90' lang='lat' dir='ltr'><strong>neque</strong></span> <span class='ocrx_word' id='word_1_248' title='bbox 618 4161 691 4216; x_wconf 90' lang='lat' dir='ltr'><strong>satis</strong></span> <span class='ocrx_word' id='word_1_249' title='bbox 711 4160 835 4217; x_wconf 89' lang='lat' dir='ltr'><strong>claram.</strong></span> <span class='ocrx_word' id='word_1_250' title='bbox 852 4161 995 4216; x_wconf 87' lang='lat' dir='ltr'><strong>Ceterum</strong></span> <span class='ocrx_word' id='word_1_251' title='bbox 1015 4158 1108 4233; x_wconf 90' lang='lat' dir='ltr'><strong>paulo</strong></span> <span class='ocrx_word' id='word_1_252' title='bbox 1131 4177 1221 4233; x_wconf 90' lang='lat' dir='ltr'><strong>supra</strong></span> <span class='ocrx_word' id='word_1_253' title='bbox 1241 4161 1282 4233; x_wconf 91' lang='lat' dir='ltr'><strong>(p.</strong></span> <span class='ocrx_word' id='word_1_254' title='bbox 1298 4161 1366 4232; x_wconf 82' lang='lat'>471)</span> <span class='ocrx_word' id='word_1_255' title='bbox 1381 4162 1542 4233; x_wconf 90' lang='lat' dir='ltr'><strong>potestatis</strong></span> 
     </span>
     <span class='ocr_line' id='line_1_30' title="bbox 313 4229 1542 4311; baseline 0.002 -25"><span class='ocrx_word' id='word_1_256' title='bbox 313 4230 395 4287; x_wconf 90' lang='lat' dir='ltr'><strong>illius</strong></span> <span class='ocrx_word' id='word_1_257' title='bbox 421 4229 508 4303; x_wconf 89' lang='lat' dir='ltr'><strong>quasi</strong></span> <span class='ocrx_word' id='word_1_258' title='bbox 527 4231 707 4288; x_wconf 88' lang='lat' dir='ltr'><strong>drctatoriae</strong></span> <span class='ocrx_word' id='word_1_259' title='bbox 730 4250 818 4288; x_wconf 91' lang='lat' dir='ltr'><strong>usum</strong></span> <span class='ocrx_word' id='word_1_260' title='bbox 842 4232 983 4305; x_wconf 88' lang='lat' dir='ltr'><strong>coepisse</strong></span> <span class='ocrx_word' id='word_1_261' title='bbox 1007 4243 1109 4311; x_wconf 92' lang='lat' dir='ltr'><strong>aperte</strong></span> <span class='ocrx_word' id='word_1_262' title='bbox 1129 4231 1219 4287; x_wconf 90' lang='lat' dir='ltr'><strong>docet</strong></span> <span class='ocrx_word' id='word_1_263' title='bbox 1240 4249 1276 4286; x_wconf 91' lang='lat' dir='ltr'><strong>eo</strong></span> <span class='ocrx_word' id='word_1_264' title='bbox 1299 4244 1438 4304; x_wconf 91' lang='lat' dir='ltr'><strong>tempore</strong></span> <span class='ocrx_word' id='word_1_265' title='bbox 1459 4234 1542 4305; x_wconf 90' lang='lat' dir='ltr'><strong>quod</strong></span> 
     </span>
     <span class='ocr_line' id='line_1_31' title="bbox 312 4301 1542 4375; baseline 0 -17"><span class='ocrx_word' id='word_1_266' title='bbox 312 4314 400 4358; x_wconf 91' lang='lat' dir='ltr'><strong>vocat</strong></span> <span class='ocrx_word' id='word_1_267' title='bbox 419 4323 434 4353; x_wconf 79' lang='lat' dir='ltr'><strong>u</strong></span> <span class='ocrx_word' id='word_1_268' title='bbox 461 4301 505 4357; x_wconf 91' lang='lat' dir='ltr'><strong>les</strong></span> <span class='ocrx_word' id='word_1_269' title='bbox 528 4302 692 4375; x_wconf 81' lang='lat' dir='ltr'><strong>premieres</strong></span> <span class='ocrx_word' id='word_1_270' title='bbox 716 4303 845 4359; x_wconf 81' lang='lat' dir='ltr'><strong>de&#39;cades</strong></span> <span class='ocrx_word' id='word_1_271' title='bbox 869 4304 909 4358; x_wconf 91' lang='lat' dir='ltr'><strong>du</strong></span> <span class='ocrx_word' id='word_1_272' title='bbox 931 4313 984 4358; x_wconf 85' lang='lat' dir='ltr'><strong>vn·</strong></span> <span class='ocrx_word' id='word_1_273' title='bbox 1005 4302 1096 4358; x_wconf 76' lang='lat' dir='ltr'><strong>siecle</strong></span> <span class='ocrx_word' id='word_1_274' title='bbox 1111 4321 1143 4372; x_wconf 82' lang='lat'><strong>»3</strong></span> <span class='ocrx_word' id='word_1_275' title='bbox 1160 4315 1224 4357; x_wconf 91' lang='lat' dir='ltr'><strong>tum</strong></span> <span class='ocrx_word' id='word_1_276' title='bbox 1244 4302 1335 4372; x_wconf 88' lang='lat' dir='ltr'><strong>enim,</strong></span> <span class='ocrx_word' id='word_1_277' title='bbox 1356 4302 1381 4358; x_wconf 92' lang='lat' dir='ltr'><strong>si</strong></span> <span class='ocrx_word' id='word_1_278' title='bbox 1402 4303 1429 4358; x_wconf 93' lang='lat' dir='ltr'><strong>ei</strong></span> <span class='ocrx_word' id='word_1_279' title='bbox 1450 4302 1542 4359; x_wconf 88' lang='lat' dir='ltr'><strong>fidem</strong></span> 
     </span>
     <span class='ocr_line' id='line_1_32' title="bbox 313 4372 1540 4446; baseline 0.002 -18"><span class='ocrx_word' id='word_1_280' title='bbox 313 4373 486 4445; x_wconf 82' lang='lat' dir='ltr'><strong>adhiberes,</strong></span> <span class='ocrx_word' id='word_1_281' title='bbox 513 4393 525 4424; x_wconf 86' lang='lat' dir='ltr'><strong>tt</strong></span> <span class='ocrx_word' id='word_1_282' title='bbox 547 4372 592 4428; x_wconf 89' lang='lat' dir='ltr'><strong>les</strong></span> <span class='ocrx_word' id='word_1_283' title='bbox 617 4373 710 4429; x_wconf 90' lang='lat' dir='ltr'><strong>crises</strong></span> <span class='ocrx_word' id='word_1_284' title='bbox 740 4373 1016 4430; x_wconf 75' lang='lat' dir='ltr'><strong>revolutionnaires</strong></span> <span class='ocrx_word' id='word_1_285' title='bbox 1045 4374 1097 4446; x_wconf 91' lang='lat' dir='ltr'><strong>qui</strong></span> <span class='ocrx_word' id='word_1_286' title='bbox 1124 4373 1236 4439; x_wconf 81' lang='lat' dir='ltr'><strong>iurent,</strong></span> <span class='ocrx_word' id='word_1_287' title='bbox 1261 4391 1339 4446; x_wconf 90' lang='lat' dir='ltr'><strong>pour</strong></span> <span class='ocrx_word' id='word_1_288' title='bbox 1363 4373 1441 4429; x_wconf 91' lang='lat' dir='ltr'><strong>ainsi</strong></span> <span class='ocrx_word' id='word_1_289' title='bbox 1465 4375 1540 4439; x_wconf 85' lang='lat' dir='ltr'><strong>dire,</strong></span> 
     </span>
     <span class='ocr_line' id='line_1_33' title="bbox 313 4444 1539 4525; baseline 0.005 -30"><span class='ocrx_word' id='word_1_290' title='bbox 313 4455 555 4517; x_wconf 77' lang='lat' dir='ltr'><strong>«permanentes</strong></span> <span class='ocrx_word' id='word_1_291' title='bbox 570 4445 705 4516; x_wconf 90' lang='lat' dir='ltr'><strong>pendant</strong></span> <span class='ocrx_word' id='word_1_292' title='bbox 724 4444 800 4501; x_wconf 91' lang='lat' dir='ltr'><strong>trois</strong></span> <span class='ocrx_word' id='word_1_293' title='bbox 819 4445 1025 4518; x_wconf 64' lang='lat' dir='ltr'><strong>generations</strong></span> <span class='ocrx_word' id='word_1_294' title='bbox 1041 4457 1094 4500; x_wconf 94' lang='lat' dir='ltr'><strong>ont</strong></span> <span class='ocrx_word' id='word_1_295' title='bbox 1112 4445 1179 4500; x_wconf 84' lang='lat' dir='ltr'><strong>cre&#39;e&#39;</strong></span> <span class='ocrx_word' id='word_1_296' title='bbox 1196 4458 1273 4500; x_wconf 88' lang='lat' dir='ltr'><strong>cette</strong></span> <span class='ocrx_word' id='word_1_297' title='bbox 1292 4445 1468 4525; x_wconf 71' lang='lat' dir='ltr'><strong>piamque...</strong></span> <span class='ocrx_word' id='word_1_298' title='bbox 1489 4445 1539 4518; x_wconf 91' lang='lat' dir='ltr'><strong>qui</strong></span> 
     </span>
     <span class='ocr_line' id='line_1_34' title="bbox 311 4514 1542 4589; baseline 0.005 -23"><span class='ocrx_word' id='word_1_299' title='bbox 311 4514 527 4580; x_wconf 64' lang='lat' dir='ltr'><strong>«constituam,</strong></span> <span class='ocrx_word' id='word_1_300' title='bbox 545 4515 663 4586; x_wconf 76' lang='lat' dir='ltr'><strong>jusqu&#39;a</strong></span> <span class='ocrx_word' id='word_1_301' title='bbox 685 4535 726 4571; x_wconf 90' lang='lat' dir='ltr'><strong>un</strong></span> <span class='ocrx_word' id='word_1_302' title='bbox 751 4516 865 4571; x_wconf 90' lang='lat' dir='ltr'><strong>certain</strong></span> <span class='ocrx_word' id='word_1_303' title='bbox 888 4518 987 4589; x_wconf 91' lang='lat' dir='ltr'><strong>point,</strong></span> <span class='ocrx_word' id='word_1_304' title='bbox 1000 4534 1041 4570; x_wconf 90' lang='lat' dir='ltr'><strong>un</strong></span> <span class='ocrx_word' id='word_1_305' title='bbox 1062 4516 1093 4571; x_wconf 93' lang='lat' dir='ltr'><strong>re&#39;</strong></span> <span class='ocrx_word' id='word_1_306' title='bbox 1116 4515 1174 4571; x_wconf 88' lang='lat' dir='ltr'><strong>irne</strong></span> <span class='ocrx_word' id='word_1_307' title='bbox 1196 4515 1289 4571; x_wconf 87' lang='lat' dir='ltr'><strong>e&#39;tabli</strong></span> <span class='ocrx_word' id='word_1_308' title='bbox 1314 4517 1473 4572; x_wconf 83' lang='lat' dir='ltr'><strong>dominam</strong></span> <span class='ocrx_word' id='word_1_309' title='bbox 1495 4529 1542 4572; x_wconf 90' lang='lat' dir='ltr'><strong>cet</strong></span> 
     </span>
     <span class='ocr_line' id='line_1_35' title="bbox 313 4535 1132 4661; baseline 0.009 -22"><span class='ocrx_word' id='word_1_310' title='bbox 313 4585 404 4643; x_wconf 75' lang='lat' dir='ltr'><strong>«e&#39;tat</strong></span> <span class='ocrx_word' id='word_1_311' title='bbox 427 4586 464 4641; x_wconf 93' lang='lat' dir='ltr'><strong>de</strong></span> <span class='ocrx_word' id='word_1_312' title='bbox 489 4585 687 4646; x_wconf 84' lang='lat' dir='ltr'><strong>dissolution.</strong></span> <span class='ocrx_word' id='word_1_313' title='bbox 709 4609 723 4639; x_wconf 86' lang='lat'>»</span> <span class='ocrx_word' id='word_1_314' title='bbox 745 4586 809 4661; x_wconf 86' lang='lat' dir='ltr'><strong>(Op.</strong></span> <span class='ocrx_word' id='word_1_315' title='bbox 825 4587 886 4658; x_wconf 74' lang='lat' dir='ltr'><strong>cit,</strong></span> <span class='ocrx_word' id='word_1_316' title='bbox 903 4588 981 4643; x_wconf 84' lang='lat' dir='ltr'><strong>trad.</strong></span> <span class='ocrx_word' id='word_1_317' title='bbox 999 4535 1132 4646; x_wconf 67' lang='lat' dir='ltr'><strong>Girartil</strong></span> 
     </span>
    </p>

    <p class='ocr_par' dir='ltr' id='par_1_8' title="bbox 310 4656 1541 4815">
     <span class='ocr_line' id='line_1_36' title="bbox 347 4656 1541 4731; baseline 0 -19"><span class='ocrx_word' id='word_1_318' title='bbox 347 4656 431 4712; x_wconf 92' lang='lat' dir='ltr'><strong>ldem</strong></span> <span class='ocrx_word' id='word_1_319' title='bbox 453 4658 537 4725; x_wconf 89' lang='lat' dir='ltr'><strong>quod</strong></span> <span class='ocrx_word' id='word_1_320' title='bbox 562 4658 743 4728; x_wconf 86' lang='lat' dir='ltr'><strong>Mommsen,</strong></span> <span class='ocrx_word' id='word_1_321' title='bbox 761 4671 790 4715; x_wconf 89' lang='lat' dir='ltr'><strong>et</strong></span> <span class='ocrx_word' id='word_1_322' title='bbox 804 4671 874 4731; x_wconf 90' lang='lat' dir='ltr'><strong>post</strong></span> <span class='ocrx_word' id='word_1_323' title='bbox 897 4676 977 4728; x_wconf 91' lang='lat' dir='ltr'><strong>eum,</strong></span> <span class='ocrx_word' id='word_1_324' title='bbox 994 4658 1031 4713; x_wconf 87' lang='lat' dir='ltr'><strong>de</strong></span> <span class='ocrx_word' id='word_1_325' title='bbox 1054 4676 1085 4713; x_wconf 91' lang='lat' dir='ltr'><strong>re</strong></span> <span class='ocrx_word' id='word_1_326' title='bbox 1106 4656 1157 4712; x_wconf 91' lang='lat' dir='ltr'><strong>illa</strong></span> <span class='ocrx_word' id='word_1_327' title='bbox 1182 4657 1277 4714; x_wconf 91' lang='lat' dir='ltr'><strong>sensit</strong></span> <span class='ocrx_word' id='word_1_328' title='bbox 1297 4656 1441 4714; x_wconf 86' lang='lat' dir='ltr'><strong>Antoine.</strong></span> <span class='ocrx_word' id='word_1_329' title='bbox 1457 4656 1541 4727; x_wconf 67' lang='lat' dir='ltr'><strong>(Sir.-</strong></span> 
     </span>
     <span class='ocr_line' id='line_1_37' title="bbox 310 4728 1431 4815; baseline -0.002 -30"><span class='ocrx_word' id='word_1_330' title='bbox 310 4728 629 4815; x_wconf 66' lang='lat' dir='ltr'><strong>cusrr,Conjuration</strong></span> <span class='ocrx_word' id='word_1_331' title='bbox 644 4729 680 4784; x_wconf 87' lang='lat' dir='ltr'><strong>de</strong></span> <span class='ocrx_word' id='word_1_332' title='bbox 696 4729 835 4799; x_wconf 85' lang='lat' dir='ltr'><strong>Catilina,</strong></span> <span class='ocrx_word' id='word_1_333' title='bbox 850 4730 962 4798; x_wconf 84' lang='lat' dir='ltr'>XXIX,</span> <span class='ocrx_word' id='word_1_334' title='bbox 978 4742 1048 4785; x_wconf 93' lang='lat' dir='ltr'><strong>note</strong></span> <span class='ocrx_word' id='word_1_335' title='bbox 1063 4729 1090 4798; x_wconf 86' lang='lat'><strong>3,</strong></span> <span class='ocrx_word' id='word_1_336' title='bbox 1110 4728 1205 4798; x_wconf 88' lang='lat' dir='ltr'><strong>Paris,</strong></span> <span class='ocrx_word' id='word_1_337' title='bbox 1227 4728 1310 4796; x_wconf 88' lang='lat'><strong>1888,</strong></span> <span class='ocrx_word' id='word_1_338' title='bbox 1324 4745 1353 4800; x_wconf 93' lang='lat' dir='ltr'><strong>p.</strong></span> <span class='ocrx_word' id='word_1_339' title='bbox 1371 4730 1431 4799; x_wconf 85' lang='lat'><strong>99.)</strong></span> 
     </span>
    </p>

    <p class='ocr_par' dir='ltr' id='par_1_9' title="bbox 311 4797 1542 4945">
     <span class='ocr_line' id='line_1_38' title="bbox 345 4797 1542 4874; baseline 0.001 -20"><span class='ocrx_word' id='word_1_340' title='bbox 345 4798 387 4872; x_wconf 83' lang='lat'><strong>(3)</strong></span> <span class='ocrx_word' id='word_1_341' title='bbox 400 4799 488 4857; x_wconf 68' lang='lat' dir='ltr'><strong>baius</strong></span> <span class='ocrx_word' id='word_1_342' title='bbox 503 4799 660 4870; x_wconf 83' lang='lat' dir='ltr'><strong>Gracchus,</strong></span> <span class='ocrx_word' id='word_1_343' title='bbox 681 4802 726 4860; x_wconf 84' lang='lat'><strong>18.</strong></span> <span class='ocrx_word' id='word_1_344' title='bbox 749 4801 852 4874; x_wconf 89' lang='lat' dir='ltr'><strong>Lapsu</strong></span> <span class='ocrx_word' id='word_1_345' title='bbox 877 4801 1011 4873; x_wconf 90' lang='lat' dir='ltr'><strong>quodam</strong></span> <span class='ocrx_word' id='word_1_346' title='bbox 1039 4800 1143 4856; x_wconf 85' lang='lat' dir='ltr'><strong>laudat</strong></span> <span class='ocrx_word' id='word_1_347' title='bbox 1165 4799 1214 4855; x_wconf 94' lang='lat' dir='ltr'><strong>hic</strong></span> <span class='ocrx_word' id='word_1_348' title='bbox 1235 4800 1408 4854; x_wconf 91' lang='lat' dir='ltr'><strong>Mommsen</strong></span> <span class='ocrx_word' id='word_1_349' title='bbox 1430 4797 1542 4855; x_wconf 80' lang='lat' dir='ltr'><strong>Tiberii</strong></span> 
     </span>
     <span class='ocr_line' id='line_1_39' title="bbox 311 4869 943 4945; baseline 0 -19"><span class='ocrx_word' id='word_1_350' title='bbox 311 4869 439 4927; x_wconf 83' lang='lat' dir='ltr'><strong>Gracchi</strong></span> <span class='ocrx_word' id='word_1_351' title='bbox 450 4869 542 4927; x_wconf 90' lang='lat' dir='ltr'><strong>vitam</strong></span> <span class='ocrx_word' id='word_1_352' title='bbox 555 4870 621 4945; x_wconf 82' lang='lat' dir='ltr'><strong>(Op.</strong></span> <span class='ocrx_word' id='word_1_353' title='bbox 639 4872 699 4942; x_wconf 75' lang='lat' dir='ltr'><strong>cit,</strong></span> <span class='ocrx_word' id='word_1_354' title='bbox 713 4884 736 4932; x_wconf 90' lang='lat' dir='ltr'><strong>t.</strong></span> <span class='ocrx_word' id='word_1_355' title='bbox 753 4872 807 4944; x_wconf 90' lang='lat' dir='ltr'><strong>Ill,</strong></span> <span class='ocrx_word' id='word_1_356' title='bbox 818 4889 848 4945; x_wconf 93' lang='lat' dir='ltr'><strong>p.</strong></span> <span class='ocrx_word' id='word_1_357' title='bbox 867 4874 943 4944; x_wconf 83' lang='lat'><strong>187).</strong></span> 
     </span>
    </p>
   </div>
   <div class='ocr_carea' id='block_1_4' title="bbox 346 4940 498 5014">
    <p class='ocr_par' dir='ltr' id='par_1_10' title="bbox 346 4940 498 5014">
     <span class='ocr_line' id='line_1_40' title="bbox 346 4940 498 5014; baseline 0 -18"><span class='ocrx_word' id='word_1_358' title='bbox 346 4940 386 5014; x_wconf 88' lang='lat'><strong>(4)</strong></span> <span class='ocrx_word' id='word_1_359' title='bbox 400 4941 454 5013; x_wconf 92' lang='lat' dir='ltr'><strong>Ill,</strong></span> <span class='ocrx_word' id='word_1_360' title='bbox 470 4961 498 5012; x_wconf 90' lang='lat'><strong>4.</strong></span> 
     </span>
    </p>
   </div>
   <div class='ocr_carea' id='block_1_5' title="bbox 0 0 1868 6050">
    <p class='ocr_par' dir='ltr' id='par_1_11' title="bbox 0 0 1868 6050">
     <span class='ocr_line' id='line_1_41' title="bbox 0 0 1868 6050; baseline 0 2"><span class='ocrx_word' id='word_1_361' title='bbox 0 0 1868 6050; x_wconf 95' lang='lat' dir='ltr'><strong> </strong></span> 
     </span>
    </p>
   </div>
  </div>
 </body>
</html>
