3725 6050
846 814 1059 910 --,87-Ι

378 991 452 1059 Nec
475 988 589 1079 potuit
609 990 730 1058 consul
752 990 835 1078 quin
860 1010 982 1057 eorum
1003 989 1149 1060 vocibus
1169 989 1386 1076 lacrimisque
1407 1013 1561 1059 commo-

332 1121 468 1173 veretur
489 1121 593 1194 atque
615 1105 731 1197 magis
755 1105 936 1196 magisque
959 1106 1029 1194 jam
1047 1105 1272 1195 perspicuum
1292 1106 1431 1175 haberet
1454 1129 1559 1197 quam

332 1243 385 1289 res
397 1220 483 1288 foret
498 1219 565 1288 sibi
579 1220 787 1310 periculosa.
805 1220 903 1310 Quid
916 1244 998 1312 ergo
1012 1226 1154 1312 ageret?
1169 1221 1252 1289 Fuit
1265 1222 1424 1289 sanehoc
1439 1221 1475 1289 in
1490 1223 1562 1311 ejus
1644 1296 1650 1307 ,

333 1336 400 1406 vita
429 1354 565 1425 tempus
591 1336 849 1426 gravissimum,
872 1337 907 1404 in
934 1359 1005 1426 quo
1035 1337 1179 1428 quidem
1205 1337 1381 1423 ostendere
1407 1338 1562 1427 potuerit

333 1469 464 1541 quanto
480 1452 515 1520 in
528 1474 648 1520 amore
663 1452 835 1522 civitatem
853 1474 956 1521 suam
973 1452 1126 1537 haberet,
1145 1475 1324 1542 quamque
1338 1452 1563 1544 dignusesset

332 1569 432 1658 cujus
444 1590 610 1659 magnum
627 1569 785 1638 animum
800 1568 930 1659 posteri
945 1570 1212 1658 colerenturque
1227 1569 1449 1638 mirarentur.

381 1712 396 1748 l
421 1686 543 1755 Patres
564 1684 766 1775 conscripti,
790 1684 917 1773 mquit,
940 1707 1006 1776 ego
1029 1706 1110 1755 mea
1125 1684 1225 1753 video
1251 1684 1336 1775 quid
1357 1685 1502 1753 intersit.
1525 1682 1561 1754 Si

333 1799 426 1869 eritis
439 1800 546 1869 secuti
561 1800 769 1869 sententiam
786 1798 962 1882 Caesaris,
981 1800 1150 1890 quoniam
1172 1801 1260 1868 hanc
1275 1800 1304 1867 is
1327 1800 1362 1867 in
1386 1799 1563 1890 republica
1591 1864 1594 1868 .

334 1916 439 1993 viam,
453 1939 542 2007 quae
554 1916 733 2006 popularis
747 1917 906 2005 habetur,
918 1934 1056 2003 secutus
1072 1932 1138 1999 est,
1151 1916 1300 1984 fortasse
1313 1915 1435 1984 minus
1446 1932 1562 1997 erunt,

335 2032 402 2099 hoc
416 2050 555 2100 auctore
570 2044 604 2100 et
625 2031 804 2122 cognitore
820 2032 924 2119 hujus
940 2033 1138 2119 sententiae,
1152 2031 1238 2100 mihi
1250 2032 1435 2122 populares
1445 2032 1565 2121 ¹impe-

334 2164 391 2215 tus
414 2147 678 2238 pertimescendi
702 2174 709 2216 ε
735 2148 788 2215 sin
811 2148 907 2216 illam
927 2150 1086 2230 alteram,
1102 2147 1219 2216 nescio
1241 2171 1287 2217 an
1311 2147 1459 2238 amplius
1481 2146 1565 2215 mihi

335 2263 465 2354 negotii
481 2264 720 2332 contrahatur.
739 2292 756 2327 u

379 2378 479 2467 Quae
486 2378 619 2448 cumita
630 2379 940 2448 essentfortissime
952 2380 1221 2448 concludentem
1235 2379 1334 2447 audi:
1349 2379 1439 2450 «Sed
1452 2396 1579 2447 tamen·

336 2517 499 2563 meorum
515 2497 744 2585 periculorum
757 2496 910 2579 rationes
925 2496 1052 2563 utilitas
1070 2496 1121 2563 rei
1137 2495 1298 2586 publicae
1317 2495 1472 2565 vincat...
1492 2498 1566 2564 Nec

335 2627 454 2678 tamen
469 2633 533 2702 ego
548 2633 626 2678 sum
640 2613 695 2680 ille
707 2612 854 2697 lerreus,
874 2612 935 2700 qui
950 2610 1062 2680 fratris
1084 2611 1253 2695 carissimi
1270 2628 1377 2697 atque
1392 2611 1568 2679 amantis-

335 2727 413 2793 simi
430 2727 622 2816 praesentis
639 2750 799 2795 moerore
822 2750 893 2794 non
911 2750 1064 2812 movear,
1081 2727 1277 2818 horumque
1292 2727 1456 2795 omnium
1472 2725 1567 2793 lacri-

336 2842 414 2926 mis,
430 2865 450 2910 a
474 2842 603 2933 quibus
618 2866 675 2911 me
699 2844 965 2924 circumsessum
980 2842 1113 2912 videtis.
1139 2846 1263 2930 Neque
1277 2863 1393 2911 meam
1413 2858 1568 2910 mentem

338 2980 406 3027 uon
421 2958 566 3028 domum
581 2981 684 3049 saepe
700 2976 836 3027 revocat
853 2960 1046 3028 exanimata
1061 2982 1161 3045 uxor,
1180 2959 1312 3047 abjecta
1328 2975 1421 3029 metu
1438 2957 1518 3041 filia,
1534 2973 1568 3026 et

336 3076 503 3165 parvulus
524 3075 627 3161 lilius,
649 3098 758 3166 quem
779 3076 865 3143 mihi
891 3075 1029 3143 videtur
1054 3075 1219 3164 amplecti
1241 3088 1293 3173 res
1312 3075 1464 3165 publica,
1492 3086 1569 3142 tan-

334 3212 444 3279 quam
461 3191 617 3259 obsidem
636 3191 839 3259 consulatus
851 3191 964 3260 mei...
976 3193 1123 3260 Moveor
1138 3191 1189 3257 his
1204 3191 1310 3258 rebus
1321 3189 1496 3273 omnibus,
1508 3191 1567 3258 sed

337 3304 372 3372 in
390 3328 466 3374 eam
493 3323 625 3395 partem
642 3318 679 3374 ut
694 3306 781 3375 salvi
798 3306 866 3374 sint
880 3307 1062 3375 vobiscum
1079 3327 1214 3391 omnes,
1229 3304 1367 3374 etiamsi
1379 3305 1432 3373 vis
1455 3305 1569 3394 aliqua

338 3443 393 3489 me
421 3423 643 3512 oppresserit,
658 3422 886 3514 potiusquam
902 3434 934 3490 et
951 3422 1001 3490 illi
1017 3439 1049 3491 et
1069 3444 1133 3491 nos
1155 3444 1223 3491 una
1239 3420 1287 3490 rei
1302 3419 1461 3510 publicae
1475 3436 1568 3510 peste

337 3558 573 3627 pereamus.»

382 3653 468 3721 Vult
485 3653 587 3744 igitur
597 3655 784 3722 consulant
794 3653 1080 3744 prospiciantque
1094 3653 1227 3744 patriae
1237 3654 1356 3722 Patres
1369 3651 1567 3742 conscripti,

338 3770 459 3859 populi
474 3770 608 3838 romani
639 3792 765 3838 nomen
780 3771 999 3859 salutemque
1019 3748 1224 3855 defendant,
1242 3767 1306 3859 ipsi
1321 3759 1456 3858 parcere
1471 3789 1509 3836 ac
1524 3768 1569 3835 de

338 3907 416 3974 tpso
431 3885 583 3976 cogitare
599 3885 772 3972 desinant,
786 3886 930 3953 minime
946 3885 1076 3954 dubius
1091 3884 1165 3954 fore
1182 3902 1233 3970 ut,
1246 3884 1275 3952 si
1287 3883 1374 3975 quid
1389 3882 1566 3973 obtigerit,

338 4024 455 4092 aequo
471 4001 587 4069 animo
613 4018 798 4091 paratoque
823 4002 1017 4086 moriatur(
1045 4006 1065 4088 l,
1083 4042 1127 4050 —
1146 4001 1228 4069 Non
1247 3999 1392 4090 quidem
1410 4000 1499 4067 hanc
1523 3999 1569 4067 ob

338 4139 486 4185 causam
511 4134 675 4186 mortuus
700 4134 753 4185 est
780 4117 926 4203 occisus,
952 4116 1012 4186 sed
1042 4117 1088 4185 ob
1118 4115 1268 4205 gloriose
1294 4098 1425 4183 factum
1447 4123 1572 4182 contra-

338 4232 533 4301 Antonium
567 4255 702 4322 proque
724 4232 882 4302 libertate
907 4233 1050 4301 bellum.
1082 4235 1247 4300 Attamen
1275 4231 1370 4319 quod
1399 4229 1569 4299 adversus

249 4414 252 4421 .
338 4349 540 4432 coniuratos
554 4348 683 4417 fortiter
702 4348 779 4417 lecit
793 4373 832 4416 ea
851 4324 1044 4417 causa⁰fuit
1059 4370 1121 4416 cur
1150 4348 1259 4415 multa
1275 4347 1365 4414 mala
1381 4362 1567 4435 pateretur.

386 4454 501 4534 Clodii
525 4465 617 4532 enim
640 4465 759 4533 furore
785 4486 824 4532 ac
853 4464 981 4533 scelere
1005 4463 1189 4548 concitata,
1216 4462 1334 4553 paucis
1357 4479 1434 4551 post
1454 4460 1570 4545 annis,

337 4578 443 4647 turba
454 4579 632 4669 popularis
648 4579 679 4648 ei
693 4602 787 4671 aqua
807 4597 838 4649 et
854 4579 923 4671 igni
938 4579 1126 4665 interdixit,
1140 4580 1301 4667 bonaque
1316 4578 1389 4658 ejus
1403 4575 1570 4666 publicari

340 4696 459 4763 voluit.
488 4694 600 4783 Cujus
622 4695 768 4786 quidem
791 4695 839 4763 rei
867 4696 913 4764 ita
938 4717 1015 4764 eam
1043 4694 1215 4785 poenituit
1244 4710 1293 4776 ut,
1308 4691 1477 4762 sexdecim
1494 4674 1572 4781 post

375 4945 418 5017 (1)
437 4943 452 5000 1
459 4945 486 5001 V
498 4945 575 5014 Car,
595 4945 631 5013 V,
648 4965 680 5012 11,
697 4946 822 5019 passim.
