3725 6050
826 822 1027 921 ..73-

319 1023 336 1059 «
346 1003 350 1013 '
362 994 420 1074 tia,
435 997 526 1065 tueri
533 996 718 1088 obsequio,
728 1016 808 1064 cum
820 995 990 1066 omnibus
1002 994 1264 1066 communicare
1279 996 1377 1085 quod
1387 994 1545 1081 haberet3

320 1138 335 1175 «
361 1111 488 1180 servire
512 1109 728 1201 temporibus
753 1133 902 1180 suorum
926 1111 1091 1181 omnium
1107 1111 1269 1202 pecunia,
1285 1111 1410 1204 gratia,
1431 1110 1548 1181 labore

319 1253 335 1289 u
360 1225 528 1318 corporis,
543 1228 673 1296 scelere
684 1225 789 1296 etiam
806 1227 834 1296 si
848 1250 940 1317 opus
953 1243 1054 1310 esset,
1064 1227 1252 1297 audacia...
1265 1228 1385 1319 Neque
1395 1248 1546 1318 unquam

318 1370 334 1404 a
361 1363 405 1410 ex
421 1340 484 1411 illo
499 1339 640 1411 delendi
651 1342 758 1430 hujus
772 1342 913 1434 imperii
924 1353 996 1411 tam
1010 1341 1268 1412 consceleratus
1279 1342 1428 1433 impetus
1442 1342 1546 1410 exsti·

320 1484 335 1521 1(
362 1457 476 1539 tt'sset,
493 1457 565 1526 nisi
585 1466 639 1525 tot
652 1457 824 1526 vitiorum
849 1467 952 1527 tanta
974 1458 1180 1527 immanitas
1199 1457 1406 1550 quibusdam
1420 1455 1546 1549 facili-

320 1573 443 1642 «tatis
471 1579 502 1641 et
527 1572 724 1664 patientiae
759 1572 944 1643 radicibus
976 1573 1194 1643 niteretur...
1230 1575 1290 1669 Me
1318 1572 1444 1664 ipsum,
1474 1593 1546 1658 me,

320 1715 335 1751 u
361 1688 520 1778 inquam,
549 1671 723 1779 quondam
751 1710 858 1779 paene
883 1689 939 1758 ille
969 1688 1119 1781 decepit,
1150 1711 1262 1779 quum
1290 1705 1324 1758 et
1347 1688 1433 1758 civis
1455 1687 1548 1760 mihi

291 1894 294 1900 Ι
320 1830 335 1867 u
361 1802 475 1872 bonus
492 1820 526 1872 et
540 1803 662 1894 optimi
678 1804 845 1895 cujusque
857 1804 1006 1894 cupidus
1023 1821 1058 1873 et
1079 1805 1203 1873 firmus
1217 1803 1354 1873 amicus
1379 1826 1417 1872 ac
1436 1802 1547 1872 fidelis

318 1947 335 1983 «
360 1919 541 1988 videretur
557 1921 621 2009 (1).
641 1946 658 1982 »
1372 1935 1374 1937 ·

361 2035 400 2104 In
415 2035 470 2102 his
485 2035 661 2125 quaedam
674 2033 919 2104 animaduersa
932 2035 996 2105 tibi
1015 2057 1070 2104 me
1086 2037 1235 2104 voluisse
1254 2034 1378 2103 vidisti.
1396 2035 1449 2103 Ea
1461 2050 1546 2103 sunt

315 2150 410 2219 enim
424 2172 463 2219 ex
481 2149 611 2241 quibus
627 2165 795 2240 appareat
811 2151 934 2219 autad
956 2150 1075 2219 omnia
1090 2150 1260 2236 iacienda,
1276 2167 1325 2227 ut,
1338 2173 1409 2241 quo
1425 2149 1545 2219 tende·

315 2282 369 2333 ret
385 2265 589 2357 perveniret,
607 2282 767 2355 paratum
783 2265 889 2334 fuisse
905 2265 1107 2351 Catilinam,
1125 2283 1185 2335 aut
1200 2288 1328 2356 parum
1342 2247 1432 2335 haec
1445 2266 1546 2334 firma

315 2404 391 2449 esse
409 2403 500 2471 quae
512 2402 575 2471 pro
589 2381 680 2450 illua
691 2381 903 2470 quibusdam
917 2382 1081 2472 opposita
1092 2399 1173 2450 sunt
1189 2383 1247 2467 (2).

361 2496 408 2566 Hi
422 2496 517 2565 enim
529 2496 739 2587 scripserunt
747 2497 933 2567 Catilinam
943 2519 1012 2566 non
1026 2497 1073 2566 ita
1081 2496 1191 2566 luisse
1200 2497 1391 2565 sceleribus
1402 2518 1547 2586 cooper-

314 2628 387 2679 tum
418 2634 459 2680 eo
478 2611 706 2680 manifestum
729 2635 804 2681 esse
826 2612 932 2701 quod,
950 2634 1045 2680 anno
1073 2613 1118 2703 69
1145 2616 1190 2701 (a.
1214 2613 1233 2681 J
1239 2611 1332 2699 .-C.)‚
1362 2633 1442 2679 cum
1467 2610 1545 2678 aliis

316 2743 468 2817 quatuor
481 2743 514 2795 et
522 2730 696 2819 sexaginta
707 2727 939 2814 senatoribus,
950 2751 970 2797 a
982 2728 1184 2796 censoribus
1197 2751 1215 2796 e
1228 2743 1349 2795 senatu
1361 2749 1431 2795 non
1444 2725 1545 2794 fuerit

314 2842 453 2931 ejectus,
473 2865 590 2933 neque
614 2865 694 2912 eum
713 2865 793 2911 cum
810 2842 915 2912 bonis
940 2843 1211 2913 consuetudines
1235 2843 1395 2912 habuisse
1419 2822 1545 2913 Cicero

314 2957 502 3048 negaverit,
520 2979 634 3049 neque
648 2959 786 3027 tandem
807 2959 902 3028 idem
925 2958 1050 3031 Cicero
1067 2960 1110 3028 ab
1131 2959 1190 3028 illo
1219 2959 1295 3050 ipse
1310 2958 1540 3041 abhorruerit,
1557 3021 1562 3033 .

313 3094 394 3142 cum
410 3073 445 3142 in
463 3073 634 3157 coluerit,
650 3075 802 3143 utillum
819 3075 954 3163 judicio
974 3075 1187 3143 defenderet.
1516 3150 1523 3156 ..

356 3188 499 3278 Quibus
512 3206 563 3258 est
579 3191 878 3281 respondendum,
894 3213 976 3258 cum
997 3190 1100 3280 plura
1114 3214 1190 3259 esse
1209 3189 1363 3280 prolecto
1378 3212 1467 3279 quae
1482 3210 1544 3256 cur

315 3305 364 3372 ita
380 3327 416 3372 se
429 3327 484 3373 res
496 3305 685 3374 habuerint
699 3328 844 3374 causam
859 3306 1065 3395 praebeant,
1080 3322 1159 3374 tum
1176 3305 1211 3372 id
1227 3304 1424 3394 praesertim
1437 3327 1544 3395 quon·

313 3419 409 3504 dam,
424 3420 574 3512 quodam
587 3426 751 3511 tempore,
767 3444 787 3490 a
803 3420 956 3492 Catilina
971 3423 1103 3491 multos
1117 3421 1275 3511 deceptos
1290 3442 1372 3504 esse,
1389 3420 1448 3508 qui
1460 3419 1542 3488 niltil

314 3533 350 3603 in
367 3534 428 3603 illo
443 3552 522 3603 tum·
533 3535 688 3605 viderent
704 3536 770 3605 nisi
794 3559 833 3606 ea
849 3536 981 3626 quibus
1004 3538 1049 3606 ad
1065 3561 1100 3606 se
1114 3537 1170 3606 vel
1184 3537 1356 3629 optimum
1370 3557 1542 3625 quemque

225 3686 227 3690 ·
305 3649 475 3719 alliceret.

357 3766 500 3836 Accedit
521 3783 560 3835 ut
574 3769 735 3837 nondum
761 3769 939 3857 quaedam
964 3769 1083 3861 gravia
1107 3768 1307 3837 admisisset
1332 3768 1473 3836 scelera.
1493 3767 1542 3837 Ut

314 3880 355 3948 de
378 3902 448 3951 uno
471 3898 606 3951 tantum
632 3882 757 3964 dicam,
784 3883 894 3951 filium
924 3906 1030 3953 suum
1056 3884 1130 3976 ipse
1154 3900 1230 3952 tum
1252 3904 1323 3951 non
1352 3881 1540 3966 occiderat,

315 4018 423 4086 quam
440 4018 513 4065 rem
528 3997 721 4068 nefandam
740 4015 864 4089 postea
877 3999 1098 4068 commisisse
1112 4021 1172 4067 ore
1187 3997 1345 4067 omnium
1362 4013 1542 4066 accusatus

308 4110 380 4180 luit
395 4112 453 4197 (3).
1523 4184 1525 4187 .

359 4228 413 4296 Ex
429 4227 482 4296 his
494 4244 614 4297 autem
629 4252 720 4321 quae
737 4246 855 4300 contra
870 4252 953 4299 eum
963 4248 1103 4299 narrata
1114 4247 1207 4314 sunt,
1218 4229 1299 4298 nihil
1308 4230 1363 4300 vel
1373 4229 1441 4299 fere
1452 4228 1540 4297 nihil

314 4364 389 4410 esse
413 4365 538 4412 verum
565 4346 706 4414 credere
730 4346 870 4414 eosdem
895 4328 1003 4435 juvat,
1027 4369 1067 4415 ex
1097 4368 1138 4416 eo
1164 4346 1261 4436 quod
1275 4348 1318 4416 de
1331 4328 1541 4415 adversariis

312 4458 499 4527 adversarii
511 4458 595 4529 talia
611 4482 764 4548 narrare,
776 4484 816 4529 eo
832 4470 998 4552 tempore,
1013 4462 1103 4531 soliti
1118 4462 1197 4530 sint.
1215 4465 1255 4530 ln
1270 4484 1341 4551 quo
1355 4484 1416 4530 eos
1431 4481 1543 4529 errare

313 4591 402 4643 recte
416 4575 673 4646 existimaveris.
706 4579 959 4667 Praeterquam
984 4578 1081 4646 enim
1105 4577 1141 4647 id
1164 4578 1323 4648 sentienti
1341 4578 1410 4665 jam
1434 4574 1541 4644 abstia

348 4798 373 4868 (1
407 4796 594 4869 1310600110,
610 4800 726 4855 V-Vl.·

348 4870 375 4937 (2
408 4868 442 4924 ln
458 4868 518 4925 illis
534 4882 579 4926 est
595 4869 725 4927 Blondel
742 4887 750 4926 ε
766 4887 811 4943 op.
826 4872 888 4942 cit„
900 4889 930 4945 p.
945 4871 1042 4943 (tt-69.

346 4939 374 5010 (3
407 4939 565 5011 81111101,
578 4939 680 5011 Catil,
695 4943 769 5012 XV;
786 4942 864 5014 Cre,
877 4944 896 5000 Ι
907 4942 985 5012 Cat,
1001 4943 1056 5003 VI.
1110 5008 1112 5013 ¹
