3725 6050
828 1334 982 1432 nnus
1013 1339 1056 1472 11
1110 1380 1113 1383 >
1209 1351 1211 1354 ·

400 1580 441 1635 IN
466 1578 692 1637 PUNIENDIS
713 1578 969 1637 CONJURATIS
992 1581 1246 1638 PRUDENTER
1266 1579 1482 1647 CIVILIQUE

559 1705 755 1764 CONSILIO
777 1706 921 1764 EGISSE
942 1706 1111 1765 CONSUL
1130 1707 1316 1763 VIDETUR

374 2243 516 2315 Dicebat
528 2243 667 2335 aliquis,
685 2243 735 2314 vir
759 2243 898 2334 ingenio
924 2262 957 2313 et
971 2244 1094 2315 virtute
1109 2245 1265 2327 eximius,
1283 2268 1304 2314 «
1328 2243 1445 2315 omnia
1470 2243 1554 2314 mihi

329 2362 441 2443 licent,
452 2361 513 2431 sed
527 2384 599 2430 non
617 2361 733 2430 omnia
751 2361 937 2452 expediunt
950 2362 997 2452 (1)
1012 2384 1044 2430 n.
1057 2361 1198 2451 Quibus
1210 2362 1425 2453 significabat
1441 2361 1555 2430 verbis

327 2478 438 2548 multa
454 2478 543 2547 licita
556 2501 633 2547 esse
649 2500 739 2569 quae
753 2477 911 2547 omittere
925 2494 1046 2547 tamen
1062 2478 1232 2568 expediat.
1255 2479 1338 2568 Qua
1354 2500 1466 2569 poena
1485 2478 1553 2548 Ca·

327 2593 472 2665 tilinatii
485 2593 645 2663 facinoris
661 2594 771 2663 socios
785 2594 898 2663 affecit
914 2594 1051 2679 Cicer0‚
1068 2617 1109 2663 ea
1126 2594 1205 2663 illos
1221 2593 1311 2684 juste
1332 2593 1552 2685 legitimeque

328 2711 467 2781 affectos
479 2733 553 2779 esse
578 2711 843 2801 comprobatum
869 2708 975 2779 fuisse
989 2709 1137 2780 forsitan
1151 2709 1286 2780 credas.
1315 2710 1549 2782 Prudenterne

328 2827 394 2920 egit
407 2827 528 2896 consul
542 2849 621 2896 cum
635 2827 712 2915 jure
728 2850 793 2896 suo
807 2832 984 2896 uteretur?
1124 2835 1133 2845 ⁴

372 2943 462 3015 Sunt
478 2944 538 3036 qui
550 2966 630 3013 eum
645 2944 854 3013 contendant
872 2966 983 3035 neque
1011 2943 1107 3037 quod
1123 2959 1217 3013 esset
1231 2960 1473 3037 opportunum
1499 2942 1515 3012 f
1531 2984 1553 2994 -

327 3060 426 3146 cisse,
443 3082 556 3153 neque
568 3062 664 3152 quod
675 3061 794 3130 fecerit
803 3078 1007 3153 opportuno
1019 3061 1140 3143 fecisse
1148 3062 1266 3131 modo.
1288 3064 1384 3133 Nam
1398 3078 1554 3153 arguunt

327 3177 429 3246 ilium
446 3200 521 3246 rem
536 3178 580 3246 ad
596 3195 756 3247 senatum
770 3178 927 3247 retulisse
942 3177 1162 3269 judicandam
1177 3195 1211 3246 et
1227 3177 1552 3271 graviorem,quam

327 3294 562 3362 necessarium
579 3312 670 3363 esset
685 3294 943 3386 idoneumque,
962 3293 1165 3363 sententiam
1191 3294 1344 3363 suasisse
1360 3313 1462 3384 atque
1480 3317 1555 3364 esse

327 3427 544 3480 exsecutum.

374 3527 424 3595 De
438 3543 588 3616 utroque
603 3527 674 3614 jam
699 3527 879 3610 disseram,
899 3528 945 3597 ita
965 3527 1112 3617 quidem
1127 3544 1177 3611 ut,
1192 3526 1367 3618 sapienter
1390 3527 1553 3618 civilique

328 3642 485 3726 consilio,
497 3661 530 3712 et
544 3661 667 3713 cuneta
681 3645 725 3714 ad
736 3647 853 3714 Patres
871 3660 1053 3716 vocasseet
1068 3644 1256 3734 conjuratis
1269 3643 1377 3713 vitam
1388 3643 1553 3735 eripuisse

328 3782 410 3828 eum
424 3760 605 3829 ostendere
619 3783 735 3831 coner.

364 3983 403 4057 (t)
419 3983 450 4042 S.
469 3985 588 4042 Pnunus
604 3985 631 4052 (I
642 3985 788 4056 Corinth„
804 3988 839 4058 X¹
858 3989 916 4061 22).
