3725 6050
315 1316 391 1365 xutr
428 1317 511 1364 VERE
551 1314 751 1363 CONSULIBUS
785 1315 827 1360 Ex
859 1278 1183 1362 senatusconsubro
1222 1314 1345 1363 ULTlMO
1381 1275 1547 1367 Poresras.

623 1437 624 1441 ’
685 1430 841 1487 ΟΠΑΕΒΑΜ
865 1430 962 1488 QUASI
986 1431 1191 1478 DICTATORIA

625 1677 655 1743 Ι.
680 1715 724 1730 ·-
745 1676 806 1745 Ex
829 1675 932 1744 dictis
954 1698 1010 1745 res
1031 1676 1227 1767 colligitur.

363 1873 579 1943 Potestatem
605 1870 709 1964 quasi
731 1871 946 1941 dictatoriam
970 1873 1172 1941 consulibus
1202 1873 1324 1959 fuisse,
1347 1859 1406 1944 ubi
1427 1875 1543 1945 decre·

317 1990 421 2058 visset
436 2006 580 2062 senatus
597 2014 612 2052 ι(
627 1987 789 2057 viderent
811 1989 976 2055 consules
989 2010 1030 2056 ne
1044 1988 1127 2077 quid
1137 1990 1329 2077 respublica
1345 1989 1544 2060 detrimenti

318 2121 450 2195 caperet
466 2128 500 2190 ›>,
516 2105 569 2173 vel
587 2126 627 2171 ex
640 2126 679 2176 eo
694 2102 839 2194 colligas
855 2104 953 2195 quod
969 2104 1019 2172 illi
1032 2102 1243 2174 dictatorum
1260 2106 1418 2195 quodam
1437 2109 1544 2177 modo

316 2221 482 2291 haeredes
497 2218 700 2304 exstiterint,
719 2218 829 2288 immo
844 2219 929 2288 nihil
944 2212 1083 2301 fuerint,
1099 2238 1136 2289 ut
1155 2220 1201 2289 ita
1217 2221 1340 2307 dicam,
1356 2223 1419 2290 nisi
1435 2223 1544 2314 dicta·

317 2326 409 2406 tores
424 2336 493 2419 alii,
510 2358 581 2404 non
596 2336 665 2423 jam
680 2356 743 2426 per
758 2336 940 2404 consulem
951 2357 991 2402 ex
1004 2337 1317 2420 senatusconsultu,
1341 2354 1380 2407 ut
1390 2318 1548 2427 antiqui,¹

318 2451 413 2521 seda
429 2469 552 2519 senatu
570 2450 648 2541 ipso
665 2450 784 2519 creati.
1544 2436 1547 2448 ’

343 2577 347 2583 ’
362 2571 520 2637 Fuerunt
535 2566 678 2657 quidem
695 2566 757 2657 qui
772 2584 974 2636 crearentur
998 2566 1051 2634 vel
1068 2589 1109 2633 eo
1127 2566 1198 2655 jam
1216 2563 1369 2656 tempore
1385 2592 1456 2658 quo
1474 2568 1544 2639 dici

316 2684 447 2776 priores
463 2683 622 2752 nondum
635 2682 734 2779 desiti
750 2698 859 2751 erant.
870 2685 964 2753 Nam
979 2683 1111 2771 primus
1126 2705 1260 2764 eorum,
1279 2705 1370 2751 anno
1387 2706 1454 2775 290
1466 2701 1545 2754 ante

316 2798 511 2876 Christum,
528 2798 615 2866 dum
629 2798 762 2895 bellum
783 2798 980 2889 gerebatur,
996 2814 1209 2889 potestatem
1224 2799 1319 2866 illam
1338 2816 1432 2868 extra
1447 2799 1543 2869 ordi-

317 2938 399 2984 nem
416 2914 558 3005 accepit.
1498 2901 1500 2904 ’

362 3031 411 3100 Hi
427 3049 545 3099 tamen
561 3030 609 3099 ita
625 3030 694 3098 illis
716 3029 849 3099 similes
874 3032 1047 3120 potestate
1076 3050 1177 3122 atque
1205 3055 1351 3101 munere
1375 3049 1408 3100 et
1432 3031 1544 3100 officio

316 3149 467 3226 fuerunt,
486 3164 535 3233 ut,
547 3170 618 3235 qua
638 3162 750 3214 aetate
765 3146 870 3215 creari
894 3146 1008 3236 coepti
1024 3163 1117 3230 sunt,
1131 3149 1251 3216 eadem
1274 3147 1323 3216 illi
1344 3147 1447 3216 desiti
1463 3137 1541 3216 sint.

317 3263 401 3333 Fuit
411 3262 504 3332 enim
517 3262 815 3331 dictatorumante
826 3261 958 3353 Syllam
971 3261 1118 3330 ultimus
1128 3262 1170 3333 C.
1183 3262 1348 3334 Servilius
1360 3262 1551 3348 Geminus,

315 3401 405 3448 anno
422 3401 488 3447 202
506 3381 548 3463 (a.
567 3378 675 3464 Chr),
692 3377 913 3446 comitiorum
938 3378 1183 3447 habendorum
1197 3400 1318 3460 causa,
1334 3378 1458 3446 dictus.
1476 3356 1548 3445 Sed

316 3494 429 3563 abeo
457 3511 624 3580 tempore,
655 3515 732 3561 cum
759 3493 926 3581 jamnon
961 3493 1181 3562 efficerentur
1207 3493 1407 3579 dictatores,
1433 3495 1550 3581 multo

314 3602 898 3700 saepius,decretoultimoususest
907 3625 1061 3691 senatus,
1075 3626 1114 3677 ut
1128 3609 1197 3678 vim
1213 3610 1311 3698 quasi
1325 3602 1554 3691 dictatoriam]

316 3726 367 3810 iis,
387 3748 477 3817 quos
496 3725 637 3794 illorum
661 3725 823 3793 haeredes
839 3747 915 3793 esse
930 3724 1087 3806 dixerim,
1107 3725 1303 3814 Republica
1325 3724 1360 3792 in
1381 3747 1552 3816 praeceps
1572 3810 1575 3815 =

316 3842 410 3923 data,
425 3841 604 3910 tribueret.

359 3956 420 4024 Vis
434 3956 523 4025 enirn
541 3979 581 4024 ea
604 3956 785 4024 dictatoria
802 3955 1030 4045 Reipublicae
1047 3977 1212 4024 romanae
1227 3954 1421 4023 necessaria
1437 3955 1543 4024 fuisse

315 4071 469 4153 videtur,
484 4094 600 4163 neque
624 4071 770 4140 fortasse
791 4071 929 4140 res-alia
955 4071 1021 4139 luit
1037 4094 1122 4163 qua,
1143 4070 1305 4139 maximis
1328 4069 1363 4138 in
1379 4070 1544 4161 periculis

314 4187 637 4273 commissa,civitas
653 4188 748 4256 salva
764 4187 1004 4279 immunisque
1027 4188 1132 4256 lieret.
1151 4188 1284 4273 Itaque,
1306 4209 1390 4254 curn
1408 4205 1495 4256 esset
1510 4188 1544 4255 in

315 4304 389 4392 ejus
403 4303 563 4372 moribus
577 4319 741 4393 atque,ut
755 4303 800 4371 ita
817 4303 1075 4388 dicam,habitu
1089 4319 1123 4370 et
1133 4302 1544 4383 constitutione,necesse

313 4418 379 4488 fuit
393 4435 474 4509 post
490 4402 673 4488 dictatores
688 4419 782 4510 ipsos
799 4436 953 4487 maneret
976 4419 1139 4509 ultraque
1155 4417 1304 4486 duraret.

357 4538 476 4623 Atque
492 4557 604 4624 rerpsa
618 4557 757 4626 semper
771 4535 920 4618 duravit,
939 4535 1089 4624 primum
1105 4533 1140 4601 in
1156 4535 1361 4604 consulibus
1378 4557 1418 4603 ex
1441 4556 1543 4601 sena-

314 4651 533 4720 tusconsulto
561 4649 698 4731 ultimo,
735 4649 858 4718 deinde
885 4651 918 4718 in
955 4649 1241 4740 imperatoribus,
1266 4647 1330 4740 qui
1357 4630 1553 4717 dictatores

314 4766 463 4857 quidam
482 4765 637 4857 perpetui
661 4766 821 4851 fuerunt,
842 4789 956 4857 neque
981 4767 1073 4834 enim
1101 4765 1172 4834 alio
1197 4787 1233 4832 se
1252 4763 1396 4832 nomine
1418 4763 1543 4832 dixisse

314 4881 497 4952 Caesarem
511 4882 641 4950 nemini
658 4900 708 4950 est
720 4882 897 4973 ignotum.
