3725 6050
829 722 1024 795 ..23-

361 905 442 972 Fuit
457 901 552 972 enim
568 901 630 970 iste
644 899 895 991 grammaticus
917 901 1075 991 quidam,
1094 900 1225 970 latinae
1241 903 1385 991 quidem
1405 903 1543 993 linguae

317 1019 507 1102 studiosus,
526 1018 585 1107 qui
603 1017 766 1085 trecentis
781 1016 834 1083 vel
851 1014 1119 1106 quadringentis
1143 1016 1214 1085 fere
1229 1017 1330 1085 annis
1344 1036 1425 1109 post
1440 1018 1544 1089 Chri·

316 1152 424 1218 stum,
450 1132 577 1202 Valerii
606 1133 732 1216 Flacci,
758 1131 917 1199 hominis
943 1131 1011 1199 sub
1039 1135 1201 1223 Augusto
1229 1133 1388 1218 viventis,
1416 1134 1545 1203 librum

317 1250 417 1333 libra,
437 1268 473 1317 ut
486 1249 568 1333 dixi,
586 1250 621 1315 in
637 1249 741 1317 breve
755 1251 881 1338 coegit.

362 1368 477 1435 Porro
500 1364 594 1453 quod
613 1365 663 1431 de
691 1364 921 1433 dictatoribus
950 1363 1141 1431 memoravi
1158 1364 1203 1431 ab
1224 1362 1284 1431 illo
1309 1364 1439 1433 dictum
1454 1388 1542 1448 esse,

319 1480 349 1549 si
374 1504 411 1549 ex
441 1504 476 1549 se
503 1480 600 1564 dixit,
618 1481 747 1548 nullius
777 1496 875 1570 patet
897 1502 971 1546 esse
999 1479 1164 1568 ponderis
1192 1496 1312 1548 contra
1332 1498 1404 1547 tam
1431 1481 1545 1561 multa

317 1615 405 1683 quae
430 1620 449 1665 a
474 1595 708 1686 scriptoribus
729 1597 842 1664 multo
865 1594 1025 1685 priorum
1046 1611 1248 1684 temporum
1271 1596 1361 1663 dicta
1386 1611 1486 1670 sunt:
1514 1596 1543 1662 si

316 1735 399 1780 vero
423 1735 464 1779 ex
488 1713 624 1795 Flacc0‚
646 1733 751 1802 neges
777 1733 921 1779 necesse
947 1726 1001 1778 est
1024 1710 1119 1799 quod
1142 1711 1184 1779 de
1206 1710 1367 1782 moribus
1389 1728 1544 1779 veterum

167 1861 170 1868 ·
227 1811 262 1874 .'
318 1830 562 1897 Romanorum
590 1828 734 1895 senserit
768 1851 856 1894 unus
880 1847 1026 1917 unoque
1052 1826 1127 1893 loco
1151 1824 1399 1915 grammaticus
1425 1826 1545 1895 aetatis

317 1942 471 2034 Augusti
487 1944 604 2033 potius
619 1966 692 2010 esse
714 1944 928 2012 credendum
945 1964 1051 2031 quarn
1073 1942 1170 2032 quod
1192 1942 1225 2010 in
1243 1941 1451 2010 contrariam
1464 1963 1545 2031 par-

270 2059 274 2064 ’
316 2076 388 2128 tem
403 2058 626 2126 disertissime
648 2059 831 2127 docuerint
851 2060 953 2127 Titus
973 2057 1097 2126 Livius
1117 2076 1149 2125 et
1170 2057 1364 2147 Dionysius
1381 2057 1544 2126 Halicar-

318 2196 480 2257 nasseus,
510 2173 569 2263 qui
595 2175 714 2242 eodem
737 2176 797 2243 —vel
834 2174 905 2242 lere
935 2173 1039 2242 etiarn
1070 2172 1186 2263 priore
1218 2191 1370 2262 tempore
1398 2171 1542 2254 fuerint,

317 2288 441 2359 Cicero
459 2312 616 2381 quoque,
636 2290 695 2380 qui
716 2290 925 2379 reipublicae
946 2311 1108 2357 romanae
1128 2288 1390 2379 cognoscendae
1406 2304 1545 2356 tantam

317 2406 452 2473 dederit
480 2428 636 2494 operam,
666 2423 814 2495 tamque
851 2406 958 2478 multi
992 2404 1048 2472 alii
1086 2404 1272 2488 recentius,
1305 2402 1542 2494 Pomponius,

318 2521 451 2610 Lydus,
481 2522 652 2604 Zonaras,
681 2539 731 2599 ut,
753 2544 842 2609 quos
872 2520 920 2588 rei
948 2537 1051 2588 testes
1079 2543 1186 2610 supra
1215 2500 1544 2603 adhibuerimeos

316 2654 454 2705 tanturn
469 2638 654 2724 appellem.
1490 2623 1493 2628 ’

362 2751 454 2817 Volo
467 2771 609 2839 quoque
625 2751 888 2819 animadvertas
905 2753 1116 2842 posteriores
1130 2774 1250 2819 eorum
1271 2769 1356 2819 nota
1381 2751 1545 2819 habuisse

319 2867 434 2935 Flacci
453 2867 573 2949 verba,
603 2865 630 2933 si
652 2868 763 2934 Flacci
784 2866 864 2951 sint,
896 2890 1009 2956 neque
1034 2885 1152 2936 tamen
1174 2867 1246 2934 illis
1274 2867 1348 2935 visa
1370 2866 1478 2935 fuisse
1502 2890 1545 2935 ea

259 3036 264 3047 .
315 3000 387 3051 tam
402 2979 556 3073 graviter
578 3004 653 3050 esse
675 2982 764 3051 dicta
787 3001 824 3052 ut
847 2984 1079 3052 consentirent
1105 2983 1159 3051 vel
1182 2983 1307 3051 saltem
1324 2981 1398 3073 jam
1419 2982 1543 3074 aliquo

318 3103 423 3167 modo
462 3098 606 3166 dubiam
643 3122 720 3167 esse
758 3100 975 3168 contrariam
1021 3100 1229 3167 sententiam
1271 3099 1540 3169 arbitrarentur.

319 3214 431 3305 Igitur
456 3213 485 3281 si
507 3214 613 3282 verba
633 3215 690 3281 illa
713 3237 784 3282 non
810 3234 1068 3304 cognoverunt,
1084 3237 1154 3282 non
1178 3215 1294 3283 Flacci
1321 3238 1360 3283 ea
1381 3237 1455 3282 esse
1482 3217 1542 3283 sed

318 3329 411 3398 Festi
450 3330 570 3414 unius,
602 3330 748 3418 ideoque
782 3353 905 3417 parum
941 3332 1055 3399 valere
1093 3330 1303 3411 dicendum;
1333 3330 1385 3398 sin
1422 3348 1543 3398 autem

317 3454 565 3536 cognoverunt,
586 3468 624 3512 ea
652 3462 726 3512 tam
754 3448 847 3535 parvi
876 3445 1003 3514 fecisse
1030 3445 1111 3514 illos
1134 3446 1331 3530 fatendum,
1356 3462 1497 3535 tamque
1522 3469 1543 3513 a

316 3582 399 3629 vero
430 3562 616 3629 abhorrere
641 3564 816 3650 putavisse
845 3577 883 3628 ut
910 3561 1055 3629 omnino
1081 3563 1302 3652 neglegerent
1336 3561 1542 3651 silendaque

316 3675 563 3743 existimarent.

361 3791 526 3861 Ceterum
553 3815 647 3881 quae
667 3792 866 3860 adhibenda
890 3792 937 3860 sit
957 3792 1056 3875 fides,
1082 3792 1110 3859 si
1126 3791 1207 3880 quis
1240 3809 1361 3861 contra
1383 3791 1418 3860 id
1445 3791 1543 3880 quod

316 3907 417 3973 ceteri
429 3907 716 3975 confirmaverint
740 3931 834 3974 unus
852 3907 1038 3997 scripserit,
1050 3909 1253 3975 Mommsen
1268 3907 1339 3996 ipse
1359 3930 1393 3975 re
1409 3906 1542 3987 docuit,

315 4044 396 4089 cum
411 4021 573 4090 Ciceroni
587 4023 661 4112 ipsi,
676 4023 801 4091 dicenti
816 4041 936 4090 contra
952 4022 988 4090 id
1003 4023 1098 4111 quod
1110 4040 1268 4090 constare
1289 4023 1334 4090 illi
1355 4021 1550 4123 videretur,

316 4137 451 4204 credere
467 4137 612 4205 omnino
626 4139 791 4207 noluerit.

361 4252 527 4344 Legimus
548 4257 640 4322 enim
662 4254 753 4343 apud
777 4254 1000 4335 Ciceronem,
1021 4271 1059 4322 ut
1084 4254 1170 4322 infra
1186 4252 1395 4337 videbimus,
1411 4253 1542 4342 capita-

315 4367 383 4436 lem
406 4368 557 4436 habitam
583 4392 660 4438 esse
684 4371 853 4438 Romanis
875 4393 1030 4460 poenam
1056 4370 1291 4437 vinculorum.
1316 4368 1427 4458 Quod
1450 4369 1543 4438 idern

315 4506 353 4551 ex
373 4483 527 4572 quodam
545 4483 617 4553 Titi
640 4483 731 4553 Livii
753 4486 830 4554 loco
847 4485 1036 4576 colligitur.
1056 4487 1168 4575 Negat
1186 4501 1305 4553 tamen
1321 4485 1540 4567 Mommsen,

314 4598 463 4690 ideoque
491 4599 583 4668 cives
616 4623 781 4669 romanos
806 4602 880 4669 sine
910 4600 1159 4692 provocatione
1185 4600 1219 4668 in
1253 4600 1392 4668 vincula
1417 4598 1542 4688 conjici

314 4715 465 4805 potuisse
499 4716 689 4800 contendit,
717 4739 829 4808 neque
864 4717 960 4785 aliud
998 4716 1043 4799 de
1067 4715 1238 4786 Cicerone
1267 4732 1300 4784 et
1327 4714 1411 4784 Tito
1440 4714 1541 4783 Livio

314 4832 506 4919 respondet
532 4831 598 4899 nisi
625 4853 685 4900 eos
709 4833 887 4901 inhaere
911 4833 1094 4916 erravisse,
1121 4854 1236 4900 unum
1261 4831 1434 4915 docend0,
1460 4831 1542 4899 alte·
