3725 6050
829 683 1026 759 ,36-

345 865 410 936 ‚De
432 884 468 931 re
493 879 608 931 tamen
631 876 704 929 tam
729 859 837 951 gravi,
858 857 1126 947 hominibusque
1155 877 1218 948 pro
1249 853 1378 947 quibus
1402 853 1542 923 dicebat

311 997 384 1048 tam
404 977 502 1047 valde
517 973 610 1058 utili,
632 997 676 1043 ne
698 975 811 1044 ullum
827 975 971 1066 quidem
990 972 1070 1044 fecit
1092 974 1253 1042 verbum¹
1274 972 1328 1041 Ex
1351 990 1422 1058 quo
1446 970 1543 1038 colli-

314 1094 468 1189 gendum
484 1109 536 1162 est
549 1091 649 1160 illum
665 1113 734 1159 non
749 1090 786 1159 in
797 1113 837 1161 ea
849 1108 965 1160 mente
977 1089 1083 1158 luisse
1096 1106 1135 1159 ut
1152 1086 1352 1180 appellandi
1366 1086 1411 1156 ad
1432 1108 1544 1179 popu-

314 1215 389 1280 lum
406 1210 459 1298 jus
472 1208 639 1278 haberent
654 1206 839 1296 conjurati.

361 1328 484 1417 Neque
498 1323 596 1394 aliter
610 1323 736 1394 sentire
751 1323 844 1392 visus
859 1342 911 1393 est
933 1340 1056 1416 postea
1082 1344 1175 1409 cum,
1195 1319 1321 1391 Clodio
1336 1319 1545 1391 Ciceronem

316 1459 510 1528 accusante,
526 1459 648 1532 putare
663 1463 699 1508 se
718 1440 805 1510 dixit
823 1442 1004 1511 consulein
1020 1457 1141 1511 contra
1155 1439 1250 1531 leges
1265 1435 1384 1507 fecisse
1396 1452 1434 1505 ut
1449 1437 1546 1505 Len·

315 1559 411 1630 tulus
425 1557 558 1649 aliique
575 1556 855 1626 interficerentur.
868 1560 966 1627 Tum
979 1556 1072 1626 enim
1087 1555 1122 1624 in
1136 1577 1178 1624 eo
1192 1556 1284 1647 leges
1298 1552 1460 1623 rescissas
1472 1573 1546 1621 esse

317 1676 412 1766 quod
427 1675 598 1766 populum
613 1672 785 1764 appellare
805 1672 874 1742 reis
889 1695 961 1742 non
980 1692 1073 1742 esset
1087 1671 1311 1765 permissum,
1326 1667 1490 1756 quamvis
1505 1666 1548 1736 de

320 1790 434 1882 capite
456 1788 585 1859 civium
608 1787 683 1857 sine
698 1788 946 1879 provocatione
967 1788 1024 1881 agi
1047 1812 1117 1857 non
1140 1786 1386 1881 posset,nullo
1401 1805 1548 1876 prorsus

322 1907 427 1976 modo
438 1903 614 1997 professus
627 1922 677 1973 est
690 1906 699 1993 (
723 1907 746 1992 ).

368 2023 408 2092 ln
419 2044 460 2092 eo
475 2021 550 2112 ipso
564 2038 679 2090 tamen
694 2020 840 2090 violatas
854 2044 929 2091 esse
946 2039 1080 2091 veteres
1091 2020 1261 2112 quasdam
1277 2020 1370 2111 leges
1385 2038 1552 2087 romanas

324 2153 466 2207 nostrae
482 2135 665 2228 scriptores
677 2136 801 2207 aetatis
814 2137 1004 2208 clamitant.
1025 2140 1117 2229 Lege
1131 2136 1236 2229 igitur
1250 2158 1339 2226 quae
1354 2133 1388 2203 hi
1403 2132 1553 2223 scripse-

323 2251 404 2339 rint,
417 2253 515 2322 crede
534 2274 616 2321 vero
639 2276 731 2345 quae
748 2251 960 2323 crediderint
977 2254 1124 2337 Caesar,
1140 2252 1244 2336 Cato,
1259 2268 1449 2336 senatores,
1467 2270 1554 2318 con·

326 2369 430 2456 sules,
446 2368 648 2461 tribunique
662 2369 794 2459 plebis.

372 2484 410 2557 si
424 2485 500 2576 quis
516 2503 631 2555 autem
654 2508 821 2577 quaerere
847 2486 941 2571 velit,
957 2509 1064 2577 quare
1090 2484 1259 2554 illicitum
1280 2502 1400 2553 actum
1419 2504 1496 2551 esse
1518 2480 1556 2548 in

327 2602 524 2691 conjuratos
545 2600 684 2671 Caesari
706 2602 817 2670 visum
844 2601 966 2687 luerit,
990 2624 1129 2672 memor
1141 2600 1187 2670 sit
1208 2623 1288 2670 eum
1307 2600 1346 2668 in·
1360 2600 1425 2668 hac
1445 2596 1557 2666 luisse

329 2733 448 2786 mente
470 2733 508 2786 ut
534 2717 607 2808 lege
634 2717 756 2786 Porcia
783 2718 959 2788 damnatis
978 2718 1114 2788 civibus
1135 2717 1297 2789 exsilium
1318 2715 1461 2785 omnino
1483 2736 1558 2805 per·

329 2849 418 2901 mitti
435 2831 661 2901 existimaret.
1474 2913 1476 2918 ,

376 2946 543 3038 Quodest
554 2947 816 3041 diligentissime
826 2950 1312 3022 attendendum.Civesenim
1321 2946 1434 3040 capite
1444 2944 1560 3038 puniri

331 3080 427 3133 vetat
452 3064 507 3135 ille
522 3087 593 3134 non
615 3088 636 3135 a
664 3084 788 3136 senatu
814 3084 910 3136 auta
934 3070 1092 3150 consule,
1121 3069 1183 3138 sed
1210 3069 1252 3137 ab
1277 3065 1454 3150 omnibus,
1479 3061 1558 3153 qui·

331 3202 482 3273 cumque
498 3181 580 3268 sint,
592 3182 775 3272 judicibuS,
790 3205 833 3251 ne
848 3200 991 3276 excepto
1008 3184 1149 3274 quidem
1165 3186 1310 3277 populo

325 3354 330 3359 .
383 3301 570 3370 Praeterea
583 3299 716 3391 legibus
731 3299 811 3385 illis,
825 3322 914 3390 quas
926 3300 960 3369 id
973 3301 1128 3372 sanxisse
1143 3300 1417 3386 contendit,non
1427 3314 1561 3367 tantam

335 3443 412 3492 esse
437 3417 511 3487 vim
537 3432 636 3506 putat
662 3433 702 3485 ut
730 3416 829 3506 quod
857 3417 1033 3488 sanxerint
1062 3418 1098 3487 id
1125 3439 1247 3510 negare
1272 3428 1455 3486 cunctetur
1485 3436 1562 3483 esse

334 3535 546 3607 faciendum.
564 3534 673 3616 Nam,
685 3530 713 3599 si
727 3553 791 3622 pro
807 3531 876 3601 illis
890 3534 946 3625 agi
960 3534 1141 3615 voluisset,
1160 3534 1290 3604 diceret
1307 3554 1448 3602 necesse
1461 3547 1537 3600 erat
1552 3552 1562 3600 ε

338 3682 354 3717 u
384 3655 553 3722 Damnate
574 3647 710 3740 capitis,
734 3647 763 3716 si
791 3648 938 3735 libuerit,
964 3652 1151 3721 Lentulum
1176 3651 1320 3741 ejusque
1347 3648 1476 3729 socios,
1503 3646 1565 3715 sed

337 3766 504 3860 judicium
519 3763 624 3835 nolite
638 3764 788 3854 exsequi,
812 3787 854 3834 ne
879 3789 899 3834 a
920 3766 1055 3859 legibus
1079 3768 1269 3853 recedatis,
1287 3766 1387 3836 facite
1408 3781 1447 3834 ut
1466 3764 1567 3833 dam-

340 3883 431 3953 natis
454 3882 488 3951 in
513 3879 669 3949 exsilium
693 3879 741 3949 ire
767 3880 877 3951 liceat.
905 3910 920 3947 u
950 3885 1062 3953 Porro
1091 3908 1168 3953 esse
1195 3885 1233 3953 in
1256 3883 1315 3954 illa
1340 3880 1507 3953 sententia
1531 3903 1569 3950 se

341 4000 563 4069 vehementer
582 4013 693 4088 negat.
713 4029 727 4057 α
746 3999 865 4067 Placet
885 3997 1006 4090 igitur,
1025 3999 1148 4092 inquit,
1165 4024 1225 4070 eos
1240 3998 1371 4071 dimitti
1394 4016 1427 4067 et
1451 3997 1571 4090 augeri

344 4114 534 4185 exercitum
550 4112 743 4184 Catilinae?
759 4113 929 4186 Minume.
950 4144 966 4180 u

390 4229 489 4300 Dicet
503 4228 634 4320 aliquis
651 4249 659 4297 τ
675 4226 703 4296 si
717 4230 876 4300 recedere
888 4254 993 4322 posse
1016 4232 1096 4302 illos
1114 4232 1299 4316 voluisset,
1317 4253 1395 4301 cum
1410 4230 1455 4300 ad
1471 4228 1573 4302 Cati·

346 4347 441 4418 linae
461 4344 650 4415 exercitum
664 4344 800 4414 eosdem
818 4369 1015 4418 recessuros
1038 4349 1147 4420 fuisse
1165 4368 1297 4418 certum
1318 4364 1419 4430 esset,
1434 4368 1574 4438 sperare

384 4625 435 4698 (1).
456 4623 550 4680 Vari..
563 4622 712 4704 Piraeo,
729 4620 781 4680 lib.
798 4623 837 4694 ll,
853 4642 918 4699 cap.
931 4626 1012 4683 XIV.
1032 4627 1107 4682 Eam
1120 4626 1213 4684 fuisse
1231 4626 1372 4684 Caesaris
1392 4625 1577 4683 sententiam

349 4708 383 4753 ut
410 4709 570 4770 provocari
598 4693 637 4750 ad
663 4694 811 4767 populum
836 4708 901 4753 tum
927 4715 989 4754 non
1022 4697 1113 4755 fuerit
1141 4699 1348 4756 necessarium
1374 4696 1487 4755 latetur
1509 4698 1577 4826 ifse

352 4770 523 4919 lpllosngrnsen
547 4764 679 4838 (Manuel
702 4765 751 4822 des
769 4768 921 4844 antiquite‘s
940 4786 1027 4841 rom.,
1054 4782 1124 4841 etc,
1144 4782 1166 4830 t.
1180 4771 1248 4842 Vll,
1263 4787 1294 4844 p.
1310 4769 1388 4845 473),
1406 4767 1469 4827 cfr.
1485 4768 1518 4825 in
1532 4787 1576 4842 ra,
