3725 6050
312 881 316 888 ’
367 863 488 952 ltaque
504 863 607 932 turba
623 861 683 931 illa
700 863 744 931 ad
766 858 881 931 omnia
905 878 980 931 erat
1001 877 1136 952 parata;
1155 860 1321 951 quiaque,
1340 853 1379 929 ut
1395 851 1553 951 'regnum

322 978 388 1047 sibi
403 995 551 1069 pararet,
566 978 658 1047 sicut
671 977 719 1046 ait
734 977 827 1045 idem
848 976 1051 1060 Sallustius,
1069 976 1236 1046 consules
1252 990 1359 1063 atque
1374 963 1552 1064 optimum

323 1117 497 1185 quemque
516 1117 591 1163 esse
610 1092 879 1179 interficiendos,
895 1114 937 1161 ne
955 1092 1034 1182 quis
1056 1092 1124 1161 sibi
1149 1092 1315 1166 obstaret.
1338 1090 1414 1181 ipse
1435 1090 1555 1158 decre·

321 1227 426 1292 verat,
441 1227 547 1301 atque
564 1209 682 1277 omnia
698 1208 803 1277 simul
819 1231 894 1276 esse
911 1208 1093 1277 miscenda
1109 1206 1343 1296 incendioque
1359 1205 1553 1291 turbanda,

322 1326 432 1414 major
452 1324 608 1405 audacia,
624 1325 805 1413 majorque
827 1324 1004 1392 malorum
1024 1322 1220 1392 facinorum
1238 1345 1326 1390 usus
1348 1320 1419 1390 suis
1441 1322 1554 1390 inerat

322 1463 431 1532 quarn
447 1453 486 1508 ut
506 1432 543 1509 in'
554 1440 772 1528 exsequendo
786 1439 952 1508 mandata
964 1454 1223 1507 cunctarentur.
1259 1474 1262 1479 -
1311 1429 1336 1494 -f'

368 1556 468 1625 Adde
498 1555 593 1646 quod
620 1553 807 1624 multitudo
843 1554 901 1622 illa
935 1555 1038 1641 mala,
1067 1554 1186 1645 inopia
1219 1577 1396 1645 pravaque
1436 1567 1556 1620 mente
1650 1612 1653 1619 .

323 1670 456 1753 invida,
470 1692 572 1761 quae,
589 1669 623 1737 in
637 1691 779 1760 quaque
792 1690 921 1760 magna
934 1668 1080 1752 civitate,
1093 1690 1230 1760 semper
1244 1690 1416 1739 novarum
1430 1658 1555 1735 rerum

325 1786 528 1856 auctoribus
548 1784 650 1863 favet,
665 1783 785 1852 omnia
807 1784 899 1852 ferro
924 1784 1135 1874 flammaque
1157 1784 1363 1854 vastavisset
1386 1806 1459 1851 non
1483 1782 1558 1851 alio

324 1901 469 1969 sortasse
491 1899 641 1969 consilio
667 1898 735 1967 nisi
761 1915 809 1983 ut,
833 1899 935 1990 quasi
958 1901 1030 1968 ulta
1050 1900 1193 1969 fortuna
1217 1923 1281 1969 sua
1307 1900 1409 1985 mala,
1429 1898 1556 1967 animo

318 2016 529 2107 indulgeret.

374 2131 552 2222 Equidem
568 2130 664 2199 haud
680 2129 803 2221 ignoro
829 2131 1245 2219 Napoleonem,nomine
1269 2130 1424 2212 tertium,
1449 2130 1559 2220 scrip-

333 2246 415 2316 sisse
442 2270 485 2315 :«
504 2247 555 2315 La
570 2245 733 2315 conduite
759 2247 802 2314 de
831 2244 983 2316 Ciceron
1010 2262 1042 2314 et
1059 2246 1105 2315 du
1136 2244 1245 2316 Se'nat
1271 2268 1315 2314 ne
1334 2262 1418 2335 peut
1452 2246 1559 2337 guere

319 2361 399 2432 'erre
412 2361 571 2454 justifie‘e.
590 2362 710 2430 Violer
723 2362 756 2430 la
778 2360 823 2430 loi
852 2361 939 2430 e'tait
958 2365 1133 2456 peut-&tre
1158 2383 1226 2430 une
1252 2360 1440 2442 necessite;
1467 2363 1559 2430 mais

316 2478 519 2548 ‘denaturer
534 2478 567 2547 la
589 2477 756 2546 situation
783 2498 877 2567 pour
893 2478 926 2545 la
953 2478 1078 2545 rendre
1106 2476 1264 2557 odieuse,
1295 2478 1498 2545 recourira
1526 2477 1560 2546 la

331 2594 502 2663 calomnie
518 2615 607 2683 pour
622 2592 720 2660 avilir
735 2592 785 2659 les
809 2591 994 2661 accuses...
1022 2591 1136 2662 c'e'tait
1161 2613 1229 2661 une
1243 2614 1374 2682 preuve
1398 2592 1561 2662 evidente

331 2710 372 2778 de
387 2708 557 2778 faiblesse.
575 2709 630 2776 En
644 2707 734 2793 effet,
751 2705 778 2774 si
794 2708 842 2775 les
857 2707 1047 2776 intentioris
1063 2707 1106 2776 de
1126 2706 1279 2778 Catilina
1305 2710 1483 2776 n'eussent
1496 2730 1561 2798 pas

333 2822 590 2905 eterravesties,
608 2822 732 2891 l‘ltalie
747 2821 874 2891 entiere
897 2822 1012 2892 aurait
1026 2823 1183 2913 repondu
1212 2824 1233 2891 a
1256 2832 1320 2892 s'on
1343 2824 1456 2914 appel,
1487 2840 1563 2893 tant

323 2962 379 3008 on
395 2938 476 3007 etait
490 2936 624 3030 fatigue'
639 2937 685 3006 du
702 2936 787 3030 joug
800 2937 988 3007 humiliant
1001 2939 1061 3029 qui
1075 2939 1186 3030 pesait
1204 2961 1265 3007 sur
1283 2941 1444 3008 Rome...
1464 2939 1562 3010 C’est

334 3078 399 3148 par
414 3056 477 3124 des
492 3054 603 3125 bruits
617 3053 830 3123 habilement
846 3056 1035 3144 repandus,
1052 3077 1116 3145 par
1135 3055 1197 3123 des
1212 3054 1454 3145 exagerations
1476 3057 1564 3126 dont

335 3170 488 3242 Cice'ron
505 3194 540 3239 se
555 3192 685 3260 moqua
699 3169 877 3238 lui-meme
890 3171 972 3259 plus
988 3169 1066 3239 tard
1099 3170 1170 3255 (Ad
1189 3169 1318 3256 Art-ic,
1336 3173 1366 3250 1,
1396 3174 1461 3258 14),
1493 3195 1564 3263 que

334 3289 381 3356 les
397 3285 624 3377 dispositions
638 3286 687 3354 du
702 3285 842 3376 peuple,
861 3285 1010 3354 d’abord
1030 3285 1228 3355 favorables
1244 3287 1265 3354 a
1294 3287 1326 3355 la
1353 3285 1499 3373 re'volte,
1527 3311 1564 3357 se

334 3402 539 3473 tournerent
551 3401 684 3470 bientot
697 3416 816 3469 contre
830 3402 895 3469 elle
909 3404 965 3488 (r).
984 3427 1001 3463 n

379 3521 500 3609 Neque
516 3539 609 3586 unus
623 3515 686 3584 fuit
701 3517 861 3606 Napoleo
874 3516 934 3606 qui
948 3515 996 3584 ita
1012 3515 1167 3586 sentiret·
1183 3518 1307 3607 Nuper
1319 3517 1565 3587 etiam'eadem

336 3633 502 3703 sententia
517 3631 574 3701 alii
592 3631 731 3700 cuidam
747 3654 786 3700 ex
802 3631 932 3700 nostris
954 3632 1081 3720 placuit
1097 3635 1153 3719 (2).
1184 3633 1236 3702 De
1261 3655 1302 3702 ea
1328 3633 1433 3724 igitur
1453 3657 1566 3726 pauca

337 3750 394 3819 hic
408 3748 552 3818 dicenda
568 3764 662 3816 sunt.

384 3867 432 3936 Ut
457 3864 498 3932 de
528 3863 681 3935 Catilina
693 3862 846 3953 primum
871 3862 998 3948 dicam,
1040 3862 1090 3930 ita
1118 3862 1163 3931 ad
1194 3885 1355 3953 perverse
1385 3865 1567 3954 agendum

338 3981 457 4050 indole
468 4001 599 4069 pronus
615 3995 687 4047 erat
704 3994 809 4069 atque
825 3995 899 4047 tam
912 3978 1117 4057 multorum,
1147 3976 1261 4070 Syllae
1282 3962 1459 4069 tempore,
1483 4002 1566 4049 san·

291 4107 294 4111 ’
339 4096 484 4190 guinem
498 4092 681 4177 effuderat,
698 4110 819 4183 totque
832 4093 908 4161 aliis
923 4093 1002 4163 inde
1014 4093 1201 4163 sceleribus
1212 4116 1248 4162 se
1260 4094 1507 4181 adstrinxerat,
1525 4111 1567 4163 ut

375 4393 415 4464 (ι)
436 4390 485 4448 Vre
499 4389 534 4446 de
547 4387 650 4448 Ce'sar.
664 4387 716 4444 liv.
734 4389 771 4460 ΙΙ,
789 4388 837 4444 ch.
852 4405 894 4458 111,
912 4387 1008 4459 Paris,
1029 4388 1110 4459 1865,
1122 4401 1196 4444 tom.
1212 4389 1236 4458 I,
1249 4406 1280 4461 p.
1295 4387 1361 4446 286.

377 4465 414 4536 (a)
429 4463 582 4531 Bronorru,
601 4459 925 4535 Histoireeconomique
946 4461 1033 4517 dela
1054 4460 1236 4533 conjuration
1252 4460 1287 4516 de
1309 4459 1447 4517 Catilina.
1469 4460 1566 4532 Paris,

345 4536 616 4608 1893,p.401-402
634 4550 641 4588 :
670 4532 756 4586 «Les
786 4529 975 4588 caudataires
993 4532 1031 4587 de
1055 4529 1266 4587 l’aristocratie
1287 4531 1325 4586 de
1337 4531 1373 4604 vla
1395 4531 1568 4603 naissance,

341 4608 397 4665 tels
426 4623 484 4678 que
512 4604 656 4673 Cice'ron,
673 4602 716 4657 les
735 4603 886 4658 membres
909 4601 946 4657 de
960 4601 1171 4658 l'aristocratie
1188 4602 1225 4657 de
1241 4601 1269 4656 la
1288 4596 1420 4673 fortune,
1435 4603 1492 4658 tels
1507 4621 1571 4685 que

342 4678 484 4741 Salluste,
499 4689 553 4732 ont
568 4693 605 4732 eu
621 4674 712 4743 seuls,
734 4690 806 4730 avec
818 4672 899 4728 leurs
913 4673 1057 4747 copistes‚
1077 4672 1106 4729 la
1120 4672 1226 4745 parole
1241 4673 1353 4729 devant
1367 4672 1397 4728 la
1408 4673 1567 4746 poste'rrte,

342 4763 371 4806 er
389 4762 441 4804 ont
458 4747 592 4821 defigure
616 4744 759 4812 Catilina,
783 4745 858 4801 dans
879 4745 932 4800 des
960 4744 1050 4800 recits
1075 4757 1205 4815 atroces,
1232 4745 1276 4799 les
1296 4747 1355 4799 uns
1374 4744 1570 4803 absolument

342 4837 549 4893 mensongers,
560 4818 603 4875 les
617 4830 718 4873 autres
732 4815 896 4890 empreints
910 4815 999 4872 d'une
1013 4815 1208 4889 exageration
1223 4815 1379 4872 e'videnter
1397 4838 1412 4868 »
