3725 6050
832 847 888 867 ..,.
913 829 956 907 ¹71
979 842 1037 862 2,-
1058 794 1061 800 ¹

325 984 412 1053 nulli
426 984 501 1074 jam,
509 985 558 1053 rei
573 978 700 1070 malae,
713 999 956 1075 quaecumque
968 983 1197 1074 esset,'impar
1210 984 1318 1054 luisse
1346 983 1549 1054 existiman·

314 1099 388 1170 ··dus
403 1100 458 1170 sit.
505 1150 508 1156 ,
1151 1155 1153 1160 .
1239 1120 1252 1123 ··

369 1216 408 1285 In
427 1216 495 1284 hoc
508 1214 654 1305 quidem
670 1215 755 1285 satis
770 1213 989 1284 consentitur
1004 1229 1044 1282 ut
1053 1233 1131 1283 eum
1145 1211 1329 1283 Sallustius
1345 1232 1423 1284 atro
1442 1215 1549 1306 paulo

324 1330 446 1421 magis,
464 1347 574 1421 quam
585 1330 675 1426 lorte
691 1353 755 1423 par
769 1347 872 1417 esset,
888 1330 1023 1398 calamo
1037 1329 1212 1400 oblinerit.
1231 1329 1310 1402 Sive
1336 1330 1432 1400 enim
1457 1353 1550 1421 quo-

318 1447 407 1515 dam
422 1445 508 1515 artis
520 1446 646 1530 studio,
663 1469 735 1537 quo
752 1445 913 1516 videlicet
928 1444 1043 1537 magis
1057 1445 1093 1513 in
1104 1444 1193 1515 libro
1208 1462 1357 1515 exstaret
1369 1432 1552 1516 emineret-

318 1583 390 1651 que
414 1559 577 1644 Catilina,
602 1561 672 1631 sive
700 1560 784 1647 quia
798 1560 947 1645 Caesar,¹
971 1560 1026 1629 cui
1047 1576 1163 1629 mente
1178 1559 1343 1645 lavabat,
1368 1584 1408 1629 eo
1434 1563 1551 1631 minus

319 1675 557 1762 coniurationi
586 1676 749 1745 addictus
777 1674 882 1744 fuisse
908 1675 1081 1744 videndus
1104 1692 1193 1745 esset
1223 1674 1293 1766 quo
1316 1676 1465 1745 atrocior
1491 1676 1551 1746 illa
1582 1742 1584 1746 .

323 1791 511 1875 videretur,
536 1792 696 1884 graviore
730 1791 876 1861 forsitan
904 1790 1070 1881 penicillo
1098 1790 1253 1882 speciem
1278 1790 1451 1861 Catilinae
1476 1792 1551 1861 ani·

321 1906 856 1999 miqueimaginemdepinxerit.
1263 1929 1265 1931 ·

365 2025 530 2093 Attamen
546 2022 692 2091 minime
707 2022 922 2115 neglegenda
937 2038 988 2091 est
997 2022 1116 2114 imago
1130 2021 1202 2108 illa,
1228 2044 1345 2112 quam,
1366 2021 1395 2090 si
1417 2023 1452 2090 in
1470 2022 1549 2091 uni·-

321 2160 459 2207 versum
475 2137 767 2224 consideraveris,
781 2160 851 2206 non
864 2160 950 2207 vero
966 2137 1002 2206 in
1014 2137 1171 2230 singulas
1187 2138 1300 2229 partes
1313 2138 1367 2207 vel
1386 2137 1549 2207 minimas

321 2252 478 2336 divisam,
494 2254 628 2323 homini
643 2254 797 2324 similem
811 2253 918 2323 luisse
934 2252 1033 2323 facile
1047 2253 1271 2323 arbitraberis
1285 2256 1341 2342 (a).
1352 2257 1441 2323 Nam
1454 2276 1549 2344 prae·

321 2386 494 2460 terquam,
513 2369 640 2461 siquid
657 2370 746 2438 forte
769 2368 979 2439 Sallustium
1003 2368 1148 2438 adduxit
1159 2382 1198 2438 ut
1223 2369 1394 2438 Catilinae
1422 2348 1553 2439 scelera*

319 2484 465 2575 paulum
491 2503 644 2575 augeret,
661 2486 760 2554 nulla
781 2502 870 2554 certe
893 2506 1002 2554 causa
1020 2484 1084 2553 fuit
1111 2505 1172 2553 cur
1200 2484 1287 2553 falsa
1308 2485 1545 2571 ementiretur,

319 2622 388 2669 non
424 2600 555 2671 desunt
584 2600 645 2670 alii
678 2600 740 2693 qui
769 2600 811 2670 de
840 2600 894 2669 his
915 2598 1101 2669 sceleribus
1126 2621 1208 2668 cum
1233 2622 1274 2669 eo
1302 2599 1370 2668 fere
1404 2622 1548 2669 consen·

320 2731 419 2785 ttant.

354 2875 392 2947 (1)
414 2876 473 2931 Hic
500 2876 595 2933 habes
623 2876 709 2932 illum
736 2875 968 2932 celeberrimum
993 2874 1130 2931 Sallustii
1150 2875 1274 2931 locum:
1300 2896 1313 2927 a
1341 2875 1375 2931 L.
1401 2874 1544 2943 Catilina,

318 2947 416 3002 nobili
429 2965 538 3021 genere
553 2960 653 3018 natuS,
669 2946 726 3003 fuit
747 2965 855 3021 magna
882 2946 911 3003 vi
940 2959 970 3003 et
1001 2946 1095 3003 animi
1120 2959 1150 3003 et
1172 2946 1320 3019 corporis,
1344 2946 1398 3002 sed
1421 2945 1544 3020 ingenio

318 3017 398 3073 malo
411 3037 577 3092 pravoque.
594 3018 674 3075 Huic
698 3018 736 3075 ab
758 3018 965 3075 adulescentia
985 3017 1065 3074 bella
1090 3017 1245 3089 intestina,
1269 3017 1389 3088 caedes,
1410 3021 1545 3091 rapinae,

318 3089 472 3146 discordia
488 3090 585 3146 civilis
598 3103 683 3162 grata
696 3090 790 3155 fuere,
807 3090 911 3162 ibique
932 3091 1120 3163 juventutem
1147 3108 1232 3145 suam
1255 3090 1398 3149 exercuit.
1425 3091 1545 3163 Corpus

317 3161 435 3234 patiens
451 3161 581 3232 inediae,
596 3161 719 3231 algoris,
736 3160 867 3235 vigiliae,
885 3178 975 3234 supra
985 3179 1075 3286 quam
1091 3160 1233 3233 cuiquam
1243 3160 1389 3217 credibile
1405 3174 1460 3220 est.
1471 3161 1546 3217 Ani·

317 3250 383 3288 mus
399 3233 508 3303 audax,
525 3232 682 3302 subdolus,
697 3233 809 3302 variuS,
825 3233 913 3305 cujus
930 3231 973 3287 rei
1004 3233 1075 3287 ubet
1090 3231 1249 3286 simulator
1265 3249 1299 3287 ac
1319 3231 1544 3304 dissimulator3

317 3303 408 3359 alieni
424 3304 581 3376 adpetens,
598 3305 644 3360 sui
678 3303 809 3370 rolusus,
827 3304 937 3359 ardens
954 3302 986 3357 in
1004 3301 1238 3375 cupiditatibus;
1256 3301 1328 3357 satis
1340 3301 1544 3382 eloquentiae,

317 3374 483 3446 sapientiae
505 3393 622 3456 parum.
672 3387 755 3430 astus
782 3374 901 3430 animus
922 3373 1132 3442 immoderata,
1149 3372 1352 3440 incredibilia,
1375 3372 1465 3427 nimis
1483 3374 1544 3430 alta

315 3462 433 3518 semper
448 3447 599 3519 cupiebat.
617 3447 717 3513 Hunc,
731 3458 801 3518 post
820 3444 1062 3501 dominationem
1082 3445 1116 3503 L.
1135 3443 1248 3510 Sullae,
1268 3443 1374 3499 lubido
1403 3461 1545 3501 maxuma

315 3516 467 3572 invaserat
487 3517 530 3572 rei
544 3516 683 3589 publicae
700 3517 880 3589 capiundae,
897 3533 996 3588 neque
1012 3515 1043 3571 id
1059 3514 1170 3588 quibus
1193 3515 1292 3571 modis
1315 3516 1543 3586 adsequeretur,

316 3587 389 3643 dum
414 3587 619 3661 sibitegnum
639 3601 768 3661 pararet,
791 3588 956 3660 quicquam
976 3586 1063 3660 pensi
1088 3586 1229 3643 habebat.
1249 3586 1428 3659 Agitabatur
1449 3586 1544 3711 magis

316 3658 473 3732 magisque
488 3659 519 3714 in
533 3660 597 3715 dies
613 3659 732 3715 animus
746 3657 831 3714 ferox
846 3658 951 3731 inopia
967 3657 1010 3713 rei
1026 3657 1185 3713 familiaris
1201 3670 1231 3714 et
1243 3657 1431 3713 conscientia
1448 3675 1496 3712 sce
1529 3691 1542 3700 -

316 3747 394 3800 rum,
411 3747 487 3802 quae
503 3743 632 3811 utraque
647 3730 673 3787 ei
679 3748 691 3784 s
708 3730 824 3786 artibus
840 3741 975 3796 auxerat,
990 3746 1065 3801 quas
1078 3745 1168 3801 supra
1182 3727 1358 3784 memoravi.
1376 3752 1389 3779 ι
1404 3729 1451 3800 (V)
1468 3729 1542 3796 Qui-

316 3800 372 3855 bus
388 3801 498 3857 haecce
514 3801 587 3857 alibt
601 3801 755 3858 adduntur
769 3819 776 3856 :
792 3823 803 3854 u
821 3802 913 3870 Quod
926 3802 952 3856 si
966 3800 1035 3872 quis
1050 3802 1141 3856 etiam
1157 3817 1174 3854 a
1188 3800 1278 3873 culpa
1295 3816 1408 3855 vacuus
1423 3799 1455 3853 in
1469 3799 1543 3854 ami-

314 3871 420 3927 citiam
434 3874 501 3946 ejus
515 3872 673 3943 inciderat,
688 3872 844 3928 cotidiano
857 3891 915 3928 usu
930 3884 1021 3943 atque
1033 3870 1195 3926 inlecebris
1211 3870 1300 3926 lacile
1308 3888 1363 3942 par
1372 3869 1542 3943 similisque

316 3943 426 3999 ceteris
444 3943 645 4000 efficiebatur.
666 3966 680 3996 »
698 3943 790 4016 (XIV)
808 3965 822 3995 «
888 3945 955 4000 Jam
970 3943 1102 4014 primum
1113 3941 1291 3997 adulescens
1303 3939 1435 3996 Catilina
1448 3942 1543 3998 multa

316 4013 445 4071 nefanda
462 4027 509 4071 stu
534 4032 566 4069 ra
583 4013 705 4082 fecerat,
726 4032 796 4070 cum
809 4014 924 4089 virgine
941 4013 1048 4084 nobili,
1065 4030 1132 4068 cum
1154 4013 1311 4069 sacerdote
1330 4012 1459 4077 Vestae,
1483 4012 1543 4068 alia

315 4084 494 4154 hujuscemo
519 4085 647 4142 icontra
669 4087 716 4160 jus
730 4085 845 4158 fasque.
863 4088 1023 4142 Postremo
1046 4096 1152 4158 captus
1170 4082 1431 4140 amore-Aureliae
1450 4082 1543 4139 Ores-

314 4154 409 4228 tillae,
432 4157 519 4225 cujus
562 4169 660 4213 raeter
687 4156 816 4212 formam
836 4156 911 4213 nihil
940 4173 1075 4230 unquam
1103 4155 1202 4210 bonus
1228 4153 1372 4223 laudavit,
1399 4155 1482 4226 quod
1506 4172 1541 4210 ea

315 4228 429 4284 nubere
443 4227 488 4283 illi
504 4173 674 4296 dubitabat,
686 4227 796 4284 timens
807 4229 979 4302 privignum
991 4227 1094 4282 adulta
1105 4238 1213 4296 aetate,
1225 4243 1281 4298 pro
1296 4238 1380 4281 certo
1394 4226 1539 4293 creditur,

315 4311 422 4354 necato
443 4297 517 4369 filio,
531 4315 657 4354 vacuam
672 4300 798 4355 domum
808 4298 945 4355 scelestis
960 4297 1075 4371 nuptiis
1089 4295 1208 4354 fecisse.
1225 4297 1311 4367 Quae
1326 4295 1449 4369 quidem
1467 4296 1540 4351 mihi

315 4385 362 4423 res
376 4369 407 4424 in
421 4369 527 4442 primis
542 4370 663 4426 videtur
677 4388 767 4426 causa
791 4370 884 4426 fuisse
904 4369 1022 4425 lacinus
1043 4369 1229 4429 maturandi.
1260 4369 1401 4440 Namque
1421 4367 1540 4422 animus

314 4439 462 4566 impurus,
490 4440 539 4496 dis
567 4441 808 4514 hominibusque
838 4440 977 4511 infestus,
1005 4458 1104 4513 neque
1130 4438 1244 4512 vigiliis
1267 4456 1365 4512 neque
1386 4438 1540 4518 quietibus

314 4528 346 4566 se
369 4511 414 4566 ari
429 4523 562 4584 poterat3
577 4513 619 4568 ita
634 4512 822 4569 conscientia
835 4525 968 4568 mentem
983 4512 1111 4568 excitam
1126 4512 1275 4570 vastabat.
1294 4511 1389 4583 Igitur
1404 4508 1489 4564 colos
1511 4526 1538 4563 et

314 4582 488 4656 exsanguis,
507 4581 590 4638 foedi
602 4583 695 4649 oculi,
709 4583 789 4641 citus
809 4584 913 4654 mod0,
935 4583 1027 4639 modo
1052 4583 1156 4639 tardus
1176 4582 1332 4651 incessus;
1355 4597 1490 4653 prorsus·
1506 4578 1538 4634 in

314 4651 391 4709 facie
404 4652 552 4725 voltuque
567 4653 711 4711 vecordia
726 4654 834 4710 inerat.
844 4655 905 4711 Sed
921 4655 1120 4728 juventutem,
1133 4670 1234 4725 quam,
1246 4665 1377 4723 utsupra
1393 4650 1537 4716 diximus,

314 4722 581 4790 inlexerat,multis
595 4725 695 4781 modis
710 4725 788 4781 mala
804 4725 942 4781 facinora
958 4725 1171 4784 edocebat.Ex
1185 4721 1339 4789 illistestis
1354 4721 1537 4795 signatores·

314 4811 373 4868 que
389 4794 484 4851 falsos
495 4797 709 4868 commodare;
727 4796 828 4869 fidem,
846 4797 994 4868 fortunas,
1012 4797 1147 4868 pericula
1162 4794 1235 4850 vilia
1247 4794 1370 4856 habere,
1390 4805 1471 4865 post,
1483 4792 1537 4849 ubi

314 4882 420 4924 eorum
446 4866 559 4923 famam
586 4879 676 4940 atque
704 4869 858 4941 pudorem
887 4867 1062 4934 adtriverat,
1087 4868 1200 4940 majora
1233 4864 1293 4920 alia
1319 4863 1500 4937 imperabat.
1524 4884 1537 4916 u

313 4937 493 5010 lxvxvt.)
