3725 6050
342 830 442 902 nium
461 829 611 922 ejusque
625 826 783 914 sicarios,
800 826 909 897 effuso
927 848 1046 911 cursu,
1061 824 1236 895 venientes
1258 840 1339 917 post
1359 846 1398 896 se
1418 825 1569 912 audivit,

341 948 496 1018 lecticam
520 968 591 1039 qua
614 943 795 1015 ferebatur
818 944 903 1035 poni
929 942 1083 1033 jussisse.
1108 944 1203 1013 Tum
1228 940 1368 1010 sinistra
1390 963 1502 1012 manu
1525 942 1572 1012 ad

342 1082 504 1135 mentum
515 1061 675 1142 adducta,
694 1079 732 1132 ut
750 1062 898 1144 solebat,
914 1062 1060 1131 turbam
1083 1061 1287 1131 sicariorum
1303 1060 1411 1130 oculis
1427 1059 1572 1129 intentis

344 1180 504 1273 respexit.
535 1178 679 1249 Horridi
707 1195 806 1248 erant
833 1178 884 1247 illi
913 1196 946 1247 et
974 1180 1113 1269 pulvere
1139 1176 1273 1247 sordidi
1301 1176 1425 1267 capilli,
1453 1176 1572 1244 vultus

342 1295 526 1388 exsanguis
538 1298 719 1388 longoque
734 1316 890 1364 moerore
905 1293 1141 1379 deformis‚ita
1157 1294 1301 1385 quidem
1315 1310 1352 1361 ut
1363 1293 1572 1361 miserentes

343 1412 486 1505 plurimi
502 1411 653 1481 militum
671 1428 781 1502 caput
799 1409 1035 1496 obnuberent,
1050 1410 1137 1478 dum
1155 1432 1238 1479 eum
1256 1408 1572 1499 Herenniusjugu·

343 1529 427 1601 laret
453 1550 461 1599 :
489 1527 563 1619 ipse
586 1550 681 1607 vero,
705 1526 817 1618 capite
844 1543 940 1596 extra
966 1524 1125 1597 lecticam
1156 1541 1279 1617 sponte
1300 1524 1573 1615 posito‚sicariis

342 1644 502 1739 iugulum
517 1642 730 1737 praebuerat

950 1820 965 1851 ί

932 1882 978 1914 *⁸

390 2015 423 2064 2.
438 2029 484 2047 -
504 1991 617 2084 Igitur
638 1989 743 2061 animi
763 1990 962 2064 fortitudine
981 1989 1104 2063 Cicero
1122 1990 1216 2061 haud
1237 1990 1363 2062 caruit.
1378 1987 1487 2081 Quod
1500 1991 1572 2081 jam

347 2106 475 2180 indicio
488 2126 541 2179 est
556 2108 656 2178 illum
671 2109 713 2177 de
726 2106 896 2180 Catilinae
910 2107 1013 2177 sociis
1026 2108 1072 2177 ad
1084 2125 1245 2177 senatum
1263 2130 1334 2177 non
1346 2130 1389 2178 oo
1405 2107 1570 2177 retulisse

343 2226 438 2318 quod
451 2225 528 2309 sibi,
544 2242 584 2294 ut
595 2224 732 2308 dicunt,
747 2224 864 2317 segnis
877 2225 987 2294 homo
1002 2223 1152 2294 timeret.

388 2343 492 2412 Adde
505 2343 600 2432 quod
610 2358 724 2411 errant
733 2340 796 2433 qui
806 2357 933 2431 putant
948 2340 1081 2410 Rabirii
1094 2362 1236 2410 causam
1250 2362 1326 2410 eam
1339 2339 1449 2409 fuisse
1464 2340 1571 2429 cujus

343 2453 514 2530 memoria
534 2457 589 2529 ille
604 2443 892 2549 impelleretur‘ut
908 2479 981 2526 rem
1003 2456 1047 2526 ad
1069 2474 1228 2527 senatum
1246 2473 1387 2527 vocaret
1406 2456 1570 2546 judican-
1593 2521 1599 2531 ,

230 2626 236 2636 ·
345 2578 439 2663 dam,
462 2598 533 2645 non
559 2596 637 2643 vero
663 2574 737 2664 ipse
763 2573 943 2663 judicaret.
970 2575 1065 2643 Nam
1088 2591 1274 2643 accusatus
1299 2590 1374 2643 erat
1398 2572 1570 2642 Rabirius

346 2714 416 2762 non
445 2690 591 2782 quidem
626 2690 717 2758 cives
756 2688 883 2778 iniuria
910 2689 1132 2780 judicavisse,
1161 2690 1221 2759 sed
1255 2707 1460 2759 exsecutum
1495 2712 1571 2759 esse

346 2807 688 2877 senatusconsultum
702 2806 864 2875 adversus
877 2806 973 2876 cives
989 2808 1172 2876 Romanos
1184 2805 1310 2876 vitiose
1324 2806 1471 2875 factum.
1486 2807 1570 2875 Non

345 2923 451 2994 aliam
466 2922 512 2992 ob
529 2943 673 2992 causam
689 2946 710 2991 a
725 2921 922 2992 duumviris
937 2940 1010 2992 erat
1026 2924 1227 3005 damnatus,
1241 2921 1279 2991 in
1298 2944 1411 3014 eoque
1424 2922 1570 2992 forsitan

346 3057 436 3111 esset
450 3055 489 3109 ut
508 3063 528 3109 a
543 3041 675 3131 populo
695 3039 772 3130 ipso
789 3040 1026 3126 damnaretur,
1039 3039 1271 3125 nisi‚sublato
1286 3061 1349 3130 per
1367 3055 1571 3130 praetorem
1683 3062 1686 3069 ·

345 3154 436 3228 russi
450 3156 576 3227 coloris
589 3157 725 3239 vexillo,
739 3155 888 3227 dimissa
902 3156 1049 3226 luissent
1063 3155 1217 3226 comitia.
1231 3156 1353 3246 Itaque
1368 3179 1409 3226 eo
1424 3157 1572 3227 demum

346 3275 503 3366 exemplo
530 3274 581 3343 uti
603 3290 742 3365 poterat
765 3291 904 3344 tantum
928 3273 1050 3344 Cicero
1073 3289 1114 3343 ut
1137 3295 1343 3364 persuasum
1368 3273 1511 3344 haberet
1536 3299 1573 3344 se

345 3391 537 3474 consulem,
554 3389 686 3459 etiamsi
708 3389 1049 3481 necari.c0njuratos
1073 3407 1214 3459 senatus
1233 3388 1306 3481 ipse
1326 3389 1480 3479 juberet,
1499 3413 1571 3460 non

346 3529 421 3578 esse
439 3528 459 3575 a
479 3506 583 3597 culpa
597 3506 829 3588 liberandum,
845 3506 873 3575 si
887 3507 990 3598 culpa
1006 3524 1107 3592 esset,
1123 3524 1246 3598 utpote
1262 3505 1322 3596 qui
1337 3525 1574 3579 senatuscon-

346 3624 477 3693 sultum
490 3639 577 3693 esset
590 3640 826 3693 exsecuturus.
845 3623 955 3713 Quod
973 3623 1060 3692 mihi
1073 3639 1168 3692 certe
1185 3623 1261 3692 luce
1274 3623 1406 3693 clarius
1417 3623 1570 3694 videtur.

392 3739 503 3831 Igitur
523 3741 567 3810 de
582 3739 748 3811 Catilinae
768 3739 1015 3830 conjurationis
1035 3738 1240 3809 consciisad
1257 3757 1417 3808 senatum
1436 3740 1570 3823 retulit,

347 3878 420 3924 non
445 3854 527 3945 quia
552 3855 616 3924 sibi
649 3855 723 3946 ipse
746 3872 929 3939 metueret,
957 3879 1071 3947 neque
1098 3878 1140 3924 eo
1165 3855 1314 3925 consilio
1343 3873 1382 3925 ut
1412 3854 1574 3945 periculo

347 3971 621 4042 subtraheretur.
639 3972 756 4061 Quare
775 3990 895 4043 autem
911 3970 1085 4056 retulerit,
1102 3972 1171 4061 jam
1189 3994 1267 4040 sum
1289 3971 1438 4042 breviter
1456 3973 1574 4064 expla-

347 4103 507 4156 naturus.

357 4494 359 4498 ,
394 4438 526 4507 Parum
541 4435 676 4505 iecisset
688 4438 809 4506 consul
829 4437 857 4505 si
873 4436 1046 4527 principes
1065 4435 1312 4524 coniurationis
1327 4440 1572 4508 tantummodo

349 4553 499 4623 emedio
515 4555 723 4623 sustulisset.
744 4555 785 4621 In
806 4552 945 4622 civitate
967 4553 1060 4622 enim
1076 4553 1132 4621 illa
1151 4576 1310 4640 romana,
1323 4576 1406 4624 cum
1417 4555 1572 4645 populus

349 4693 462 4740 rerum
490 4687 579 4740 esset
609 4670 736 4740 arbiter
763 4668 1085 4760 rempublicamque
1109 4687 1248 4750 teneret,
1274 4670 1473 4739 curandum
1499 4689 1572 4742 erat

348 4786 485 4858 consuli
508 4803 546 4856 ut
561 4785 700 4881 pessimi
721 4786 879 4857 homines
897 4786 1032 4877 placere
1053 4787 1185 4878 populo
1204 4785 1276 4875 jam
1298 4785 1514 4859 desinerent.
1532 4786 1571 4860 Si
