3725 6050
313 1028 350 1073 se-
374 1006 500 1074 sentire
519 1007 699 1097 professus
721 1027 822 1096 esset,
839 1010 934 1079 idem
957 1010 1029 1100 ipse
1052 1026 1198 1078 senatus
1220 1008 1380 1095 frequens
1396 1012 1540 1080 censuit.

315 1121 480 1191 Damnati
493 1122 598 1214 igitur
617 1124 668 1192 rei
685 1126 811 1215 capite.

359 1240 432 1308 Nec
444 1260 556 1308 mora.
576 1241 629 1309 Ne
642 1241 727 1331 quid
744 1241 913 1310 nefarium
926 1241 1071 1310 auderet
1088 1236 1277 1309 multitudo
1293 1241 1542 1342 conjurationis

314 1354 464 1441 conscia,
484 1378 573 1443 quae
593 1372 671 1424 tum
697 1356 733 1424 in
762 1358 841 1425 foro
867 1358 1000 1426 incerta
1025 1356 1162 1425 consilii
1188 1357 1394 1426 versabatur
1416 1375 1449 1427 et
1476 1358 1543 1427 sibi

315 1492 457 1560 quoque
486 1471 675 1556 metuebat,
694 1471 879 1541 damnatos
908 1495 926 1541 e
953 1471 1120 1541 domibus
1145 1470 1181 1563 in
1210 1494 1382 1542 carcerem
1402 1472 1545 1543 deduxit

314 1586 439 1653 consul
455 1603 572 1678 atque,
600 1588 788 1678 ignorante
810 1588 922 1678 plebe,
948 1588 983 1655 in
1006 1604 1190 1677 conspectu
1208 1610 1275 1655 suo
1294 1588 1411 1656 necari
1428 1588 1542 1676 jussit:
1566 1638 1570 1645 -

314 1700 440 1769 deinde
464 1702 499 1769 in
525 1705 637 1771 forum
661 1726 884 1795 progressus,
913 1704 1035 1773 vixisse
1068 1726 1128 1772 eos
1164 1703 1421 1792 pronuntiavit.
1449 1706 1546 1772 Tum

313 1816 413 1886 festis
433 1818 580 1886 vocibus
596 1836 763 1910 exceptus
777 1837 840 1906 est,
857 1820 1156 1908 decedentemque
1169 1819 1317 1888 domum
1331 1839 1413 1889 cum
1426 1818 1545 1888 favore

314 1954 353 2000 ac
372 1933 539 2002 laudibus
552 1935 727 2023 prosecuti
742 1952 839 2004 sunt.

358 2048 429 2137 Qui
459 2071 542 2117 vero
568 2071 632 2139 pro
650 2050 804 2121 Catilina
828 2051 980 2140 stabant,
998 2049 1096 2118 fracti
1125 2049 1257 2131 anim0,
1287 2048 1414 2139 dilapsi
1443 2067 1540 2131 sunt,

316 2164 471 2254 dumque
489 2167 625 2235 Romae
641 2167 813 2235 sedebant
829 2166 990 2250 silentes,
1002 2166 1105 2255 quasi
1120 2182 1211 2234 terra
1236 2165 1378 2245 conditi,
1391 2165 1426 2233 in
1443 2168 1545 2234 Etru·

315 2281 364 2348 ria
378 2279 549 2351 Catilinae
568 2283 754 2350 exercitum
772 2283 872 2351 multi
890 2282 1132 2349 deseruerunt.

361 2397 440 2485 lpse
455 2418 549 2476 vero,
565 2413 601 2465 ut
614 2415 689 2465 erat
712 2396 812 2467 fortis
833 2400 1025 2487 animoque
1049 2396 1236 2480 indomito,
1252 2395 1411 2465 fortunae
1431 2396 1545 2464 malae

316 2515 436 2579 cedere
453 2512 574 2591 noluit,
593 2512 699 2603 inque
713 2535 795 2604 agro
812 2512 1034 2593 Pistoriensi,
1052 2528 1188 2580 tentata
1199 2511 1279 2579 belli
1295 2526 1397 2591 sorte,
1415 2511 1547 2580 strenui

316 2626 433 2694 militis
450 2644 482 2694 et
497 2627 581 2695 boni
597 2628 813 2718 imperatoris
828 2628 940 2697 officia
954 2627 1061 2695 simul
1076 2644 1271 2704 exsecutus,
1293 2655 1310 2691 «
1327 2629 1427 2718 longe
1442 2650 1462 2695 a
1476 2627 1547 2694 suis

316 2740 405 2810 inter
425 2742 580 2811 hostium
602 2746 771 2812 cadavera
795 2760 954 2834 repertus
979 2759 1044 2828 est,
1068 2742 1254 2831 paululum
1278 2742 1383 2811 etiam
1409 2741 1546 2832 spirans

318 2855 557 2948 ferociamque
598 2858 723 2940 animi,
762 2882 870 2949 quam
909 2859 1079 2927 habuerat
1120 2858 1232 2941 vivus,
1265 2857 1299 2926 in
1343 2858 1443 2925 voltu
1471 2856 1546 2925 reti·

317 2995 403 3041 nens
419 2977 475 3061 (1).
495 3001 511 3038 »

363 3092 404 3159 ln
419 3090 478 3158 illa
491 3106 588 3159 tanta
605 3091 847 3180 conjuratione
868 3091 1110 3182 opprimenda,
1133 3090 1169 3158 in
1184 3089 1368 3180 puniendis
1384 3089 1547 3172 lentulo,

318 3204 432 3296 iisque
447 3206 506 3294 qui
522 3206 556 3275 in
571 3207 695 3276 eadem
710 3188 804 3276 noxa
814 3223 927 3285 erant,
941 3228 1088 3298 magnae
1103 3206 1248 3274 fuerunt
1266 3204 1374 3273 Tullii
1391 3203 1546 3272 consulis

318 3339 447 3412 partes.
460 3324 561 3392 Itane
572 3338 646 3391 tum
659 3322 764 3414 egerit
776 3341 815 3392 ut
827 3344 907 3391 eum
920 3345 1002 3391 cum
1016 3321 1227 3411 quibusdam
1246 3319 1459 3409 reprehendi
1474 3320 1548 3408 jure

317 3438 413 3514 velis,
431 3460 471 3505 ea
487 3437 564 3528 ipsa
579 3460 633 3507 res
649 3456 702 3507 est
717 3439 760 3506 de
776 3461 848 3530 qua
863 3437 918 3507 hic
934 3439 1002 3526 jam
1018 3459 1100 3505 sum
1114 3436 1368 3527 disputaturus.

363 3553 508 3622 Videtur
528 3576 634 3646 porro
655 3553 737 3623 mihi
757 3572 833 3623 tum
849 3553 1006 3646 legitime
1029 3569 1104 3621 tum
1119 3551 1320 3643 prudenter
1341 3572 1375 3619 se
1390 3550 1544 3640 gessisse.
1625 3541 1629 3548 ’

320 3669 432 3759 Quod
456 3687 644 3760 utrumque
672 3693 710 3738 ex
738 3670 862 3738 ordine
888 3670 1068 3759 explicare,
1097 3685 1213 3758 atque,
1241 3666 1269 3734 si
1297 3666 1444 3734 facultas
1468 3665 1546 3751 erit,

318 3786 467 3877 probare
487 3785 659 3876 incipiam.

354 4008 394 4079 (1)
411 4008 512 4081 Sara,
527 4007 627 4078 Catil,
641 4009 719 4066 LXI.
