3725 6050
843 688 1042 763 -ω-

328 869 499 938 vocaverit
525 890 533 935 :
561 866 659 935 nulla
684 864 752 934 fuit
780 863 877 933 enim
903 863 960 933 via
983 863 1105 932 melior
1133 879 1175 931 ut
1199 862 1376 933 Catilinae
1402 862 1564 952 partibus

327 984 481 1075 populus
492 982 606 1051 favere
621 980 807 1066 desineret,
823 979 919 1071 quod
934 978 1169 1048 necessarium
1184 977 1295 1047 fuisse
1310 978 1392 1069 quis
1416 995 1469 1047 est
1498 978 1563 1069 qui

330 1120 454 1190 negare
468 1097 578 1168 velit?
1231 1102 1236 1109 '

373 1215 427 1283 Ex
455 1211 628 1282 sententia
657 1225 773 1280 autem
799 1209 957 1279 consulis
984 1232 1056 1278 rem
1082 1210 1293 1279 successisse
1321 1231 1363 1278 ex
1390 1207 1565 1281 Sallustio

325 1346 473 1399 constat.
497 1327 637 1397 Etenim
663 1325 776 1417 plebs,
798 1352 815 1389 «
845 1347 936 1417 quae
956 1324 1070 1415 primo
1092 1324 1220 1414 cupida
1241 1345 1358 1395 rerum
1382 1344 1562 1393 novarum

324 1444 431 1516 nimis
448 1444 541 1513 bello
560 1442 708 1520 favebat,
725 1432 862 1510 mutata
876 1457 1003 1523 mente,
1017 1439 1193 1511 Catilinae
1210 1439 1354 1509 consilia
1373 1440 1559 1519 exsecrari,

327 1559 533 1631 Ciceronem
547 1559 591 1626 ad
607 1558 745 1627 coelum
756 1556 878 1625 tollere
892 1576 900 1624 :
912 1555 1018 1625 veluti
1029 1578 1070 1625 ex
1082 1555 1245 1625 servitute
1263 1572 1377 1646 erepta
1387 1553 1562 1647 gaudium

328 1690 436 1765 atque
462 1672 632 1742 laetitiam
650 1672 805 1762 agitabat
830 1699 845 1735 n
876 1674 933 1759 (1).
960 1671 1072 1760 Cujus
1097 1671 1144 1739 rei
1167 1688 1292 1740 testem
1313 1692 1392 1741 esse
1413 1691 1562 1760 quoque

328 1789 565 1859 Plutarchum
580 1787 652 1876 jam
667 1809 774 1876 supra
789 1786 945 1856 vidimus
961 1788 1018 1875 (2).
1404 1868 1406 1873 s

373 1906 425 1973 Re
446 1903 554 1995 igitur
575 1919 648 1971 tota
668 1902 713 1970 ad
737 1920 901 1971 senatum
915 1920 1090 1984 revocata,
1106 1900 1141 1971 id
1162 1918 1345 1971 assecutus
1362 1918 1416 1970 est
1435 1900 1561 1969 consul

262 2071 265 2076 .
326 2018 425 2108 quod
446 2018 712 2107 conjuratorum
736 2016 888 2086 facinora
913 2018 1052 2087 notiora
1071 2016 1213 2100 faceret,
1226 2016 1400 2109 quasique
1424 2016 1460 2084 in
1486 2017 1563 2085 luce

327 2151 483 2227 poneret,
505 2150 612 2224 atque
637 2132 685 2202 sic
707 2155 728 2202 a
752 2132 924 2203 Catilinae
944 2133 1103 2223 partibus
1121 2133 1283 2203 omnium
1309 2132 1449 2202 animos
1474 2132 1562 2202 alie-

328 2267 435 2320 naret.

373 2367 453 2435 Hoc
466 2380 587 2435 autem
599 2386 691 2434 nunc
705 2364 949 2455 quaerendum
964 2380 1017 2433 est
1032 2385 1132 2448 num,
1147 2364 1190 2433 de
1209 2362 1401 2453 conjuratis
1419 2384 1503 2431 cum
1515 2363 1562 2431 ad

328 2483 452 2550 Patres
477 2481 629 2563 referret,
651 2498 886 2571 opportunum
907 2478 1010 2548 fuerit
1033 2479 1166 2549 hortari
1185 2502 1268 2549 eurn
1291 2495 1330 2547 ut
1352 2478 1563 2567 juberentur

327 2596 458 2679 necari,
480 2619 596 2686 neque
610 2618 724 2686 poena
743 2595 880 2664 minore
895 2594 1118 2664 afficerentur.
1211 2606 1213 2610 “

794 2850 1085 2863 m—

830 3110 1000 3182 CAPUT
1025 3111 1059 3180 ll

546 3337 588 3403 ne
613 3356 722 3404 roam
744 3356 867 3403 nonrrs
892 3357 927 3403 nr
950 3357 1161 3405 consumtus
1183 3357 1338 3406 srnrurn

372 3611 456 3680 Non
486 3608 613 3677 desunt
638 3609 700 3700 qui
724 3609 919 3679 existiment
953 3606 1164 3681 Ciceronem
1185 3614 1376 3693 consulem,
1396 3600 1562 3704 quamvis

327 3747 432 3816 grave
449 3724 661 3815 supplicium
680 3748 700 3794 a
720 3724 891 3796 Catilinae
913 3726 1017 3794 sociis
1036 3748 1175 3797 sumere
1198 3728 1230 3797 ei
1253 3728 1381 3809 liceret,
1400 3730 1558 3819 pruden-

327 3839 428 3930 tique
452 3840 598 3909 consilio
622 3840 664 3909 de
684 3841 928 3929 conjuratione
953 3864 1165 3934 cognoscere
1186 3861 1346 3914 senatum
1364 3862 1398 3914 et
1419 3858 1557 3915 senten·

325 3955 411 4022 tiam
423 3954 508 4023 ferre
521 3955 639 4038 vellet,
657 3956 868 4046 prudentius
890 3973 1007 4027 tamen
1027 3957 1205 4028 facturum
1223 3959 1347 4046 fuisse,
1363 3959 1392 4028 si
1412 3983 1557 4029 summo

328 4071 402 4159 jure
427 4092 493 4137 suo
520 4092 592 4138 non
617 4093 717 4156 usus,
732 4071 883 4159 Caesari,
900 4095 965 4163 pro
991 4074 1125 4144 minore
1151 4098 1268 4166 poena
1297 4098 1405 4165 quam
1432 4076 1557 4167 capitis

332 4183 478 4270 dicenti,
493 4185 753 4254 assentiendum
767 4185 832 4256 sibi
849 4210 924 4257 esse
938 4189 1141 4279 putavisset.

373 4301 424 4370 De
443 4322 515 4391 quo
530 4300 597 4369 tria
622 4300 705 4370 haec
725 4301 889 4391 ponenda
909 4303 1000 4372 mihi
1025 4305 1168 4396 quidem
1190 4299 1358 4394 videntur,
1379 4328 1473 4398 quae
1488 4306 1555 4375 sim

326 4417 534 4486 confirmare
549 4415 693 4484 nixurus
704 4440 711 4486 :
724 4417 837 4508 primo
851 4418 1139 4508 periculosiorem
1148 4421 1258 4491 fuisse
1270 4421 1558 4511 conjurationem

326 4554 430 4623 quam
448 4533 529 4621 ‘quis
553 4531 746 4602 lenioribus
768 4534 890 4623 poenis
915 4535 1085 4625 sapienter
1114 4538 1308 4619 mulctaret,
1334 4537 1458 4606 deinde
1482 4560 1558 4608 non

338 4727 585 4800 ,ωωὼώ

363 4798 631 4872 mmmm&
