3725 6050
828 873 1025 946 --23-··-

311 1054 312 1057 ’
360 1046 463 1135 Quae
475 1037 598 1115 'autem
610 1045 688 1115 fecit
703 1063 803 1137 pater
817 1046 875 1115 ille
904 1023 1023 1128 miser,
1044 1034 1163 1116 dolore
1181 1064 1320 1117 tantum
1347 1032 1540 1117 adductum
1586 1133 1590 1139 ι
1679 1090 1699 1114 -.

315 1183 390 1229 esse
403 1178 497 1250 patet
512 1179 548 1230 ut
561 1162 698 1230 faceret.
715 1161 772 1231 Ad
784 1185 906 1231 omnes
922 1163 1012 1231 enim
1029 1181 1063 1232 et
1077 1162 1199 1232 omnia
1215 1164 1400 1253 appellavit
1410 1181 1539 1233 temere

313 1293 345 1345 et
370 1277 443 1345 sine
464 1278 538 1345 ullo
562 1278 706 1365 delectu,
732 1278 784 1347 vel
811 1279 899 1371 lege,
924 1281 978 1348 vel
1006 1297 1126 1348 contra
1146 1280 1268 1371 legem.
1291 1278 1489 1349 Observare
1506 1297 1539 1349 te

314 1414 454 1481 quoque
470 1392 569 1462 decet
581 1415 648 1461 non
663 1393 771 1462 fuisse
786 1410 862 1462 tum
878 1396 1036 1485 profecto
1051 1395 1170 1463 habita
1190 1394 1331 1463 comitia
1346 1396 1405 1465 illa
1419 1412 1542 1464 centu-

314 1507 401 1576 riata
423 1507 469 1575 ad
500 1531 588 1596 quae
611 1509 856 1608 tantummodo
884 1510 1050 1599 patuisset
1074 1510 1284 1601 provocatio,
1312 1509 1340 1578 si
1369 1511 1537 1579 licuisset.

314 1622 532 1693 Concionem
555 1623 647 1692 enim
670 1625 855 1694 advocavit
870 1625 1032 1706 dictator,
1058 1625 1177 1717 inqua
1199 1626 1392 1695 orationem
1414 1626 1542 1695 habere

313 1756 446 1827 posset,
462 1761 533 1807 non
547 1739 688 1809 comitia
702 1740 737 1808 in
752 1741 881 1831 quibus
892 1741 1054 1832 suffragia
1067 1741 1407 1832 populusscisceret3
1427 1763 1542 1831 neque

315 1853 464 1922 dubium
478 1872 530 1922 est
546 1854 633 1946 quin
659 1857 755 1924 nulla
774 1856 842 1925 alia
858 1879 956 1924 mens
969 1856 1000 1926 ei
1017 1856 1121 1926 luerit
1136 1856 1204 1925 nisi
1226 1875 1262 1927 ut
1286 1858 1381 1947 quod
1410 1856 1542 1925 fecisset
1626 1943 1628 1948 Ι

314 1967 348 2035 id
360 1970 484 2039 merito
496 1994 533 2038 se
547 1970 668 2038 fecisse
684 1971 911 2040 audientibus
924 1970 1158 2061 persuaderer.

360 2086 408 2153 Et
420 2107 538 2153 revera
554 2109 625 2154 non
642 2085 706 2155 ivit
719 2088 870 2177 populus
885 2087 930 2155 ad
948 2086 1175 2179 suffragium:
1202 2089 1298 2179 quod
1315 2087 1462 2156 dictator
1474 2088 1543 2175 jus·

315 2217 415 2282 serat,
433 2199 507 2290 ipse
523 2202 713 2288 revocavit,
726 2225 794 2271 non
809 2202 945 2272 rescidit
958 2204 1108 2293 populus

360 2316 535 2405 Denique,
564 2321 722 2407 quamvis
749 2340 809 2387 reo
836 2318 894 2388 ille
921 2318 1127 2410 pepercerit,
1149 2318 1238 2387 cavit
1267 2336 1389 2387 tamen
1418 2342 1463 2388 ne
1488 2320 1542 2408 jus

315 2454 421 2500 suum
435 2433 587 2503 dubium
603 2435 810 2511 haberetur;
831 2436 891 2503 sed
908 2435 1012 2524 plane
1038 2452 1214 2524 quantum
1236 2453 1322 2503 esset
1334 2457 1456 2503 omnes
1469 2457 1543 2505 me·

315 2570 430 2617 mores
444 2572 519 2617 esse
534 2550 652 2619 voluit.
681 2550 823 2619 Etenim
840 2568 1029 2640 postquam
1055 2550 1221 2640 optavit«
1244 2572 1309 2618 neu
1333 2551 1490 2641 populus
1507 2550 1543 2619 in

316 2686 350 2731 se
362 2664 591 2752 potissimum
615 2665 821 2734 dictatorem
834 2684 867 2734 et
892 2665 948 2754 jus
969 2664 1162 2734 dictaturae
1182 2667 1395 2757 contingeret
1418 2690 1451 2749 u,
1473 2688 1543 2735 ase
1606 2710 1608 2715 -
1653 2655 1655 2660 ¹

317 2779 365 2868 Q.
383 2779 533 2848 Fabium
555 2804 665 2850 noxae
686 2782 894 2850 damnatum
921 2780 1048 2850 donari
1068 2781 1307 2872 pronuntiavit
1326 2782 1456 2871 populo
1473 2782 1545 2856 Βο-

315 2915 420 2964 mano
431 2897 678 2987 «precarium,
696 2920 763 2966 non
766 2901 924 2990 justum,
939 2897 1111 2965 auxilium
1123 2897 1246 2966 ferenti
1257 2921 1289 2966 u.

365 3015 491 3103 Neque
505 3013 693 3082 credideris
713 3012 748 3082 vi
766 3012 901 3105 imperii
916 3012 1076 3083 militaris
1101 3012 1137 3082 id
1160 3012 1279 3083 abillo
1299 3012 1428 3082 factum
1444 3036 1538 3092 esse;

315 3156 399 3203 nam
416 3135 552 3201 Romae
566 3130 698 3198 factum
712 3146 777 3210 est,
794 3153 862 3218 qua
877 3129 912 3197 in
929 3130 1028 3215 urbe,
1045 3147 1084 3197 ut
1099 3145 1203 3197 antea
1218 3128 1300 3214 dixi,
1316 3131 1456 3197 nullum
1479 3129 1543 3198 fuit

315 3249 462 3318 militare
482 3245 668 3335 imperium
688 3248 744 3333 (1).
780 3245 843 3313 Vis
863 3245 1046 3314 dictatoria
1073 3245 1191 3336 igitur,
1210 3261 1249 3312 ut
1269 3244 1381 3336 ipsius
1409 3244 1541 3334 Papirii

316 3364 431 3434 verbis
455 3377 702 3447 utar,tantum
726 3361 906 3451 agebatur,
926 3382 1044 3450 neque
1058 3377 1173 3428 tamen
1198 3360 1295 3427 ullus
1321 3359 1399 3444 fuit,
1418 3360 1544 3449 quijus
1604 3348 1607 3354 ¹

316 3479 407 3548 virae
420 3495 452 3547 et
475 3477 568 3546 necis
589 3477 641 3546 vel
666 3475 701 3544 in
715 3476 825 3545 civem
849 3475 1113 3544 ornatissimum
1133 3473 1294 3544 dictatori
1318 3498 1392 3542 esse
1412 3497 1541 3566 negare

316 3596 473 3664 auderet.
1176 3668 1178 3671 ¹
1467 3610 1471 3621 ·

359 3709 507 3802 Aliquot
520 3725 596 3798 post
608 3729 721 3776 annos
735 3708 813 3794 (312
832 3728 862 3774 a.
879 3707 899 3774 J
905 3705 1004 3794 .·C.)‚
1029 3705 1174 3774 occultis
1194 3704 1392 3795 principum
1409 3706 1543 3805 ‚conju-

316 3825 507 3896 rationibus
521 3825 665 3913 Capuae
677 3822 793 3907 factis,
809 3822 1028 3912 quaestiones
1041 3822 1195 3890 decretae
1211 3845 1232 3889 a
1245 3839 1368 3889 senatu
1386 3821 1542 3907 fuerunt,

264 3969 266 3972 ¹
317 3942 595 4029 dictatoremque
609 3936 879 4028 quaestionibus
895 3937 1095 4006 exercendis
1121 3936 1187 4004 dici
1201 3937 1330 4026 placuit
1345 3936 1539 4006 Maenium.

317 4055 388 4128 Sed
400 4056 508 4147 paulo
537 4070 616 4145 post
637 4076 772 4123 «versa
798 4071 883 4123 esta
911 4053 1076 4122 dictatore
1099 4054 1249 4120 Romam
1276 4052 1541 4143 interpretando

316 4195 369 4241 res
384 4175 440 4260 (2)
456 4200 488 4241 >›‚
1208 4179 1210 4182 ’

362 4287 636 4356 postulabantur
661 4286 765 4378 igitur
784 4285 915 4354 nobiles
938 4284 1108 4364 homines,
1134 4283 1458 4374 appellantibusque
1482 4285 1542 4352 tri·

316 4404 430 4472 bunos
451 4425 555 4471 nemo
574 4421 648 4471 erat
665 4402 803 4483 auxilio,
829 4423 937 4489 quum
964 4400 1106 4468 nomina
1130 4402 1377 4479 recitarentur;
1404 4423 1487 4467 narn
1507 4401 1541 4469 in

318 4519 433 4587 libello
448 4518 590 4587 nomina
606 4519 860 4587 damnatorum
881 4515 1109 4604 adscripscrat
1124 4516 1279 4584 dictator.
1339 4584 1342 4589 .

360 4636 458 4704 Tum
474 4656 597 4702 omnes
613 4633 763 4722 undique
778 4631 912 4705 nobiles
931 4632 1096 4716 Romani,
1117 4633 1338 4700 vehementer
1360 4629 1537 4707 commoti,

351 4857 392 4938 (r)
421 4855 546 4912 Notavit
573 4855 637 4928 ipse
662 4855 834 4911 Mommsen
851 4871 912 4908 non
927 4852 956 4907 vi
983 4852 1102 4925 imperii
1134 4851 1273 4906 militaris
1302 4849 1456 4922 Papirium
1477 4863 1540 4904 rurn
1577 4846 1581 4853 '

318 4945 425 5002 egisse.
1076 4944 1078 4949 ·
1380 4943 1383 4949 ·

351 4999 393 5070 (2)
409 4999 476 5053 Trr.
492 4997 556 5053 [ιν.
579 5058 583 5067 ,
