3725 6050
832 691 1028 764 -88-

313 889 460 946 menses,
481 889 552 935 uno
572 868 731 935 omnium
748 867 925 957 suffragi0‚
948 868 981 935 in
1001 866 1152 957 patriam
1174 867 1233 935 ille
1249 868 1475 938 reduceretur
1495 875 1556 958 (ι).

357 982 540 1051 Neminem
553 982 838 1073 fugitantea,cum
846 982 1070 1051 consulatum
1082 982 1139 1051 ille
1145 982 1352 1070 deponebat,
1362 986 1559 1055 Metellum

244 1152 252 1166 .
312 1098 489 1168 tribunum
504 1098 616 1188 plebis
628 1098 853 1187 prohibuisse
866 1120 908 1166 ne
920 1098 966 1165 ad
979 1098 1158 1188 populum
1171 1096 1375 1167 orationem
1387 1101 1556 1170 haberet.

314 1214 414 1285 Nihil
433 1213 530 1282 aliud
542 1214 607 1281 iste
620 1213 777 1303 permisit
793 1213 857 1281 uisi
872 1236 972 1299 eum,
987 1236 1084 1281 more
1103 1214 1221 1299 solito,
1239 1215 1356 1303 jurare
1378 1239 1417 1284 se
1439 1216 1558 1285 officio

313 1331 404 1401 bene
416 1328 723 1398 essedefunctum.
737 1329 756 1398 J
760 1329 877 1397 uravit
890 1346 1009 1397 autem
1026 1328 1150 1399 Cicero
1161 1353 1198 1398 se
1212 1332 1472 1421 rempublicam
1489 1334 1560 1401 sal-

314 1466 397 1516 vam
410 1444 573 1513 effecisse.
590 1445 761 1533 Idemque
776 1444 964 1513 universus
976 1445 1133 1535 populus
1147 1445 1221 1535 ipse
1235 1447 1366 1532 juravit
1379 1452 1439 1535 (2).

362 1561 489 1649 Neque
508 1560 607 1628 aliter
621 1577 675 1628 est
693 1559 840 1649 posteris
854 1560 1138 1629 existimandum.
1157 1563 1336 1653 Equidem
1360 1563 1437 1633 scio
1453 1562 1560 1634 Cice·

314 1698 436 1748 ronem
449 1676 628 1745 consulem
639 1676 736 1744 baud
749 1675 973 1766 impedivisse
986 1676 1072 1766 quin
1089 1678 1321 1769 Respublica,
1336 1681 1407 1768 jam
1425 1680 1558 1749 morbo
1625 1703 1640 1726 ·

314 1790 469 1885 quodam
486 1792 608 1861 affecta
623 1793 795 1883 quasique
808 1791 906 1861 senio
919 1792 1097 1878 laborans,
1116 1792 1153 1860 in
1169 1793 1239 1861 alia
1254 1816 1336 1862 mox
1348 1794 1559 1865 discrimina

314 1907 455 1980 veniret.

363 2022 455 2095 Cave
470 2046 552 2094 vero
566 2045 609 2091 ne
623 2022 653 2091 ei
673 2023 859 2112 exprobres
884 2023 921 2091 id
939 2023 1084 2091 demum
1101 2045 1172 2092 uon
1195 2022 1317 2093 secisse
1332 2024 1430 2115 quod
1447 2048 1559 2094 nemo

315 2144 428 2214 iacere
443 2159 572 2229 posset.

364 2256 433 2330 Sed
450 2258 515 2326 hoc
536 2274 586 2324 est
601 2255 719 2346 utique
733 2253 914 2322 fatendum
931 2254 1032 2321 illum
1055 2253 1331 2345 rempublicam,
1356 2278 1465 2346 quam
1481 2272 1559 2325 tota

318 2391 434 2448 mente
453 2375 594 2458 coleret,
618 2370 774 2463 legitimo
790 2369 896 2437 simul
917 2387 951 2437 et
973 2371 1136 2461 prudenti
1160 2370 1309 2439 consilio
1328 2372 1465 2439 salvam
1488 2394 1558 2440 suo

318 2513 476 2582 tempore
490 2488 652 2560 effecisse.

363 2608 472 2698 Quod
485 2607 631 2698 quidem
645 2618 802 2671 nontam
820 2624 950 2692 parum
965 2618 1015 2671 est
1035 2619 1076 2670 ut
1092 2625 1162 2671 non
1176 2603 1210 2672 ei
1231 2604 1365 2673 multae
1380 2602 1480 2672 laudi
1496 2604 1559 2672 ha·

321 2724 477 2797 bendum
492 2722 537 2791 sit
549 2737 652 2810 atque
669 2718 827 2786 maximo
839 2735 1056 2788 ornamento.

355 2950 397 3093 qr)
410 2947 592 3011 Pruraucrs„
605 2940 681 3010 Cic„
697 2940 745 3001 33.

371 3016 500 3092 quta,
517 3016 564 3073 23.
608 3027 612 3031 ¹
