3725 6050
826 665 1025 764 9¹78!

312 845 477 938 ¹voluisse,
495 865 548 926 ne,
565 842 723 912 indicatis
735 841 984 933 tamgraribus
997 841 1119 932 culpae
1131 840 1248 920 sociis.
1260 839 1430 911 Catilinae
1443 840 1535 911 vires

312 961 522 1042 adderetu).

358 1077 488 1148 Utrum
510 1073 659 1166 quidem
678 1095 760 1142 cum
785 1074 973 1163 conjuratis
993 1095 1072 1142 vere
1090 1071 1234 1141 consilia
1250 1072 1538 1143 communicave-

314 1193 381 1262 rint
401 1212 525 1274 necne,
541 1211 610 1258 non
631 1189 712 1257 saris
733 1208 951 1281 compertum
973 1208 1039 1270 est,
1056 1188 1235 1277 adhucque
1255 1188 1460 1277 disputatur
1478 1192 1537 1276 (2).

315 1309 395 1378 Hoc
416 1325 535 1374 tamen
559 1327 629 1373 non
654 1304 808 1374 dubium
833 1323 887 1374 est
914 1305 1000 1397 quin
1022 1304 1081 1380 illi.
1096 1303 1233 1373 etiamsi
1255 1326 1328 1371 non
1346 1305 1541 1394 probarent-

313 1445 424 1513 neque
437 1421 524 1490 forte
540 1439 786 1512 cognoscerent
802 1422 887 1509 quid
906 1422 951 1489 de
965 1419 1130 1489 caedibus
1143 1436 1249 1510 atque
1264 1418 1435 1487 incendiis
1450 1443 1543 1488 con-

313 1537 417 1626 jurati
454 1535 714 1616 meditarentur,
740 1535 901 1604 seditioni
934 1553 1051 1604 tamen
1077 1557 1117 1603 eo
1145 1534 1292 1604 laverint
1320 1537 1416 1626 quod
1443 1535 1542 1603 utilis

313 1655 398 1746 ipsis
426 1652 603 1721 videretur
631 1651 676 1719 ad
705 1651 754 1728 id,
773 1651 868 1740 quod
893 1651 965 1720 sibi
991 1668 1253 1742 proposuerant,
1278 1650 1415 1719 facilius
1445 1674 1543 1721 assea

314 1769 508 1861 quendum.

360 1886 481 1973 Neque
497 1900 600 1972 negat
618 1882 691 1971 ipse
702 1881 903 1964 Sallustius,
921 1881 1087 1974 quamvis
1099 1881 1266 1954 Caesaris
1278 1898 1399 1972 partes
1410 1882 1545 1954 loveat.

319 2001 418 2069 llaec
448 1999 540 2066 enim
554 1997 673 2066 scribit
693 2022 700 2067 :
719 2025 735 2060 «
763 1997 991 2089 Quicumque
1006 1997 1152 2066 aliarum
1166 2014 1274 2089 atque
1300 2013 1443 2066 senatus
1457 2021 1540 2087 par·

314 2116 403 2184 tium
434 2131 540 2197 erant,
568 2113 773 2182 conturbari
795 2133 869 2182 rem
888 2114 1071 2204 publicam
1085 2135 1193 2205 quam
1217 2114 1331 2182 miuus
1348 2114 1463 2182 valere
1477 2114 1542 2204 ipsi

315 2229 491 2302 malebant
507 2228 554 2316 (3)
573 2256 602 2298 u.

362 2346 511 2414 Nobiles
538 2362 657 2414 autern
682 2345 887 2434 complures,
913 2346 993 2434 plus
1019 2344 1182 2413 minusve
1209 2343 1354 2422 occulte,
1384 2342 1544 2414 consiliis

314 2460 486 2532 Catilinae
504 2460 693 2554 participes
716 2476 825 2529 erant.
846 2459 918 2531 Ubi
939 2459 1035 2528 enim
1060 2459 1120 2528 ille
1132 2481 1206 2542 eos,
1235 2458 1367 2550 quibus
1388 2459 1544 2528 maxima

315 2576 533 2646 necessitudo
547 2595 581 2644 et
593 2576 786 2665 plurimum
812 2575 978 2644 audaciae
999 2575 1119 2656 inerat,
1135 2576 1172 2643 in
1188 2596 1301 2644 unum
1321 2574 1540 2659 convocavit,

317 2721 333 2754 a
359 2715 401 2760 eo
416 2713 608 2760 convenere
623 2691 788 2758 senatorii
805 2691 943 2759 ordinis
965 2692 1008 2760 P.
1033 2691 1207 2760 Lentulus
1221 2688 1311 2762 Sura
1326 2693 1384 2778 (4),
1404 2691 1446 2759 P.
1464 2693 1543 2759 Au·

312 2807 447 2876 tronius
463 2809 517 2890 lS),
539 2807 579 2873 L.
598 2805 747 2875 Cassius
773 2806 954 2897 Longinus
969 2806 1025 2894 (6),
1043 2805 1089 2876 G.
1118 2805 1305 2897 Cethegus,
1332 2807 1374 2875 P.
1404 2822 1437 2874 et
1457 2804 1540 2878 Ser.

313 2921 447 3005 Sullae,
465 2919 539 2990 Ser.
558 2921 615 2987 filii
630 2925 686 3010 (γι,
717 2923 757 2990 L.
785 2922 1036 3011 Vargunteius,
1055 2922 1103 3012 Q.
1129 2921 1286 3006 Annius,
1309 2922 1361 2990 M.
1390 2920 1543 3003 Porcius

316 3041 442 3121 Laeca,
462 3039 501 3107 L.
527 3038 637 3106 Bestia
654 3037 710 3122 (8),
732 3037 777 3126 Q.
797 3038 947 3115 Curius;
979 3056 1154 3129 praeterea
1168 3061 1208 3107 ex
1233 3037 1388 3130 equestri
1414 3039 1541 3109 ordine

315 3156 364 3225 u.
385 3154 532 3223 raons
546 3154 718 3234 nomios,
736 3155 775 3222 L.
794 3152 966 3238 staturus,
984 3156 1026 3224 P.
1044 3134 1370 3244 Gabiniascapto
1394 3153 1436 3224 c.
1454 3152 1543 3224 cor-

315 3270 446 3350 nelius;
477 3270 522 3338 ad
555 3270 622 3338 hoc
646 3268 747 3336 multi
789 3291 830 3336 ex
856 3269 1005 3337 coloniis
1040 3286 1072 3338 et
1097 3268 1310 3360 municipiis,
1342 3269 1436 3348 domi
1470 3291 1544 3348 noe

316 3386 403 3455 biles
419 3390 461 3475 lq,
481 3412 510 3452 u.

352 3602 375 3655 lt
407 3595 585 3662 l’r.ur.‚Cic.
613 3613 657 3655 ao.

352 3604 391 3739 (al
414 3669 574 3723 Caesarem
589 3639 664 3723 ’vere
687 3667 891 3741 conjurationi
915 3668 1027 3724 favisse
1052 3668 1165 3724 diserte
1190 3667 1279 3724 docet
1304 3666 1481 3724 Suetonius.
1504 3699 1542 3711 -

318 3741 426 3795 Narrat
448 3739 539 3794 etiarn
568 3739 747 3795 Plutarchus
774 3738 900 3809 (Caesar,
924 3741 956 3810 8)
981 3739 1162 3796 Ciceronem
1186 3756 1204 3795 a
1230 3738 1341 3794 Pisone
1367 3738 1541 3812 Catuloque

317 3810 409 3867 luisse
433 3810 584 3882 posterius
607 3810 834 3882 reprehensum,
872 3811 934 3866 uod
957 3811 1080 3867 Caesari
1102 3810 1299 3884 pepercisset,
1321 3827 1391 3865 cum
1414 3809 1542 3866 haberet

319 3882 398 3937 unde
422 3899 490 3935 curn
514 3894 678 3936 accusaret.
703 3882 746 3936 De
770 3900 830 3954 quo
880 3881 1037 3938 lutarchus
1063 3881 1149 3938 addit
1174 3898 1206 3936 se
1227 3880 1260 3937 in
1281 3879 1376 3936 dubio
1399 3897 1477 3940 esse.
1505 3912 1542 3923 -

320 3951 519 4006 Notissirnum
557 3952 656 4006 uidem
671 3953 811 4009 Caesaris
827 3954 1009 4019 orationem,
1024 3953 1056 4009 in
1072 3965 1178 4009 senatu
1193 3969 1249 4025 pro
1268 3952 1435 4024 conjuratis
1450 3951 1540 4008 habi·

318 4036 389 4103 tam,
407 3970 637 4077 causrtrriluisse
656 4040 709 4077 cur
724 4024 834 4096 ipsum,
849 4042 910 4079 non
927 4024 1004 4080 Cato
1018 4036 1146 4093 tanturn,
1163 4022 1322 4079 sedetiam
1336 4021 1388 4078 alii
1404 4021 1492 4078 multi
1508 4022 1542 4078 in

316 4092 537 4217 conquiritiorris
554 4092 758 4165 suspicionem
774 4095 961 4151 adducerent
991 4096 1070 4150 Nam
1086 4112 1101 4150 e
1117 4093 1201 4150 curia
1216 4092 1376 4150 exeuntem
1391 4093 1487 4166 aliqui
1504 4111 1543 4150 ex

318 4164 376 4219 ado
391 4163 573 4231 arcentibus,
590 4164 641 4235 qui
664 4166 782 4220 consuli
805 4179 890 4222 erant
910 4166 1076 4239 praesidio,
1098 4165 1215 4221 eductis
1237 4164 1346 4239 gladiis
1370 4164 1543 4220 circumde-

317 4236 437 4301 derunt,
457 4234 554 4289 ‹re-erlis
574 4234 730 4290 consulem
751 4250 892 4309 rogantes
915 4237 989 4309 quid
1005 4249 1085 4293 esset
1099 4236 1283 4292 laciendum.
1300 4235 1417 4291 Consul
1437 4246 1540 4292 autent

318 4324 422 4363 eorum
438 4304 582 4376 impetum
596 4304 742 4375 cohibuit,
757 4308 981 4381 Caesaremque
995 4326 1010 4364 e
1024 4321 1121 4365 morte
1134 4306 1246 4382 eripuit
1260 4308 1375 4380 (Parim,
1388 4307 1469 4379 ibid.)

367 4378 394 4447 3)
410 4378 567 4445 Succusa,
581 4376 720 4445 Catilina,
742 4379 894 4434 XXXVII.

364 4466 380 4517 4
413 4450 587 4503 Praeturam
603 4459 667 4501 turn
684 4448 791 4503 iterum
808 4451 978 4506 exercebat.

368 4520 380 4575 5
411 4517 684 4585 (ὶυυυςῐοτίυοτεῐ.

364 4592 381 4645 h
410 4592 533 4645 Praetor
545 4590 641 4645 suerat
657 4590 765 4645 eodem
785 4610 845 4663 quo
857 4590 977 4647 Tullius
992 4609 1082 4648 anna.

365 4680 382 4787 q
413 4661 451 4717 lli
471 4674 597 4735 nepotes
615 4661 777 4717 dictatoris
791 4676 886 4720 erant.

410 4732 565 4789 'l'rihunus
576 4732 674 4805 plebis
690 4733 752 4788 desi
777 4747 877 4794 natus.

365 4822 381 4878 9
411 4806 564 4876 Sanausn,
579 4804 681 4876 caria,
697 4752 775 4859 XVl
786 4848 793 4863 .
