3725 6050
861 683 1034 755 ...6.-

378 857 518 928 Statuto
539 873 672 937 autem,
694 858 963 949 qualiscumque
986 857 1062 937 fuit,
1085 857 1141 925 die
1166 858 1402 940 comitiorum,
1426 859 1573 947 Cicer0,

241 1041 244 1046 ,
333 972 557 1041 cumcertior
580 971 691 1041 sactus
711 991 799 1042 esset
814 972 907 1042 vitae
932 996 1018 1042 suae
1040 989 1144 1062 atque
1163 971 1270 1042 Silani
1294 990 1327 1044 et
1348 977 1520 1044 Murenae
1548 998 1571 1044 a

333 1087 482 1158 Catilina
508 1087 648 1156 insidias
668 1089 799 1179 parari,
824 1087 1000 1158 descendit
1019 1088 1055 1157 in
1079 1088 1268 1179 Campum,
1293 1106 1332 1158 ut
1357 1091 1433 1178 ejus
1448 1090 1571 1159 verbis

334 1220 420 1284 utar,
441 1226 522 1271 cunt
537 1203 740 1273 firmissimo
760 1204 935 1295 praesidio
954 1203 1225 1273 fortissimorum
1244 1205 1412 1284 virorum,
1433 1221 1467 1274 et
1486 1228 1571 1275 cum

308 1304 312 1312 ¹
334 1319 395 1387 illa
410 1320 478 1387 lata
502 1319 694 1411 insignique
711 1321 817 1389 lorica
833 1342 901 1387 non
916 1342 1008 1411 quae
1025 1343 1106 1388 eum
1120 1337 1249 1412 tegeret
1270 1322 1411 1411 (etenim
1434 1321 1571 1391 sciebat

334 1435 521 1505 Catilinam
544 1457 614 1504 non
636 1436 726 1504 latus
753 1453 814 1504 aut
841 1451 1001 1504 ventrem
1025 1437 1086 1505 sed
1108 1453 1211 1525 caput
1237 1454 1271 1505 et
1295 1436 1429 1504 collum
1458 1438 1571 1507 solere

154 1551 159 1562 '
334 1553 458 1642 petere)
472 1573 594 1619 vetum
611 1567 651 1618 ut
666 1572 789 1619 omnes
803 1550 888 1619 boni
903 1551 1234 1630 animadverterent,
1254 1568 1299 1635 et,
1316 1574 1396 1620 cum
1411 1551 1446 1620 in
1470 1570 1572 1621 metu

336 1683 370 1736 et
399 1667 549 1756 periculo
572 1667 761 1735 consulem
783 1665 951 1747 viderent,
972 1667 1019 1735 ad
1043 1688 1150 1757 opem
1178 1667 1466 1758 praesidiumque
1494 1669 1574 1757 ejus

337 1785 604 1869 concurrerent(
628 1784 650 1869 l.

382 1897 532 1968 Catilina
547 1919 629 1965 vero
646 1897 716 1985 jam
733 1914 809 1965 tum
825 1920 909 1965 suos
923 1919 1003 1965 cum
1019 1898 1141 1989 gladiis
1157 1897 1192 1966 in
1208 1897 1386 1988 Campum
1407 1900 1575 1967 adduxe-

337 2030 400 2085 rat.
418 2013 501 2102 Quo
516 2012 603 2096 vis0‚
635 2035 747 2101 neque
768 2035 838 2081 non
860 2012 1008 2081 sortasse
1023 2013 1170 2103 profusa
1182 2013 1364 2105 largitione
1384 2015 1570 2097 commoti,

338 2130 398 2219 qui
412 2128 614 2220 suffragium
624 2128 790 2197 inibanta
805 2127 956 2199 Catilina
969 2129 1085 2197 statim
1100 2130 1361 2199 abhorruerunt
1375 2148 1414 2199 ut
1426 2132 1471 2199 ad
1486 2132 1573 2199 Mu-

338 2268 458 2314 renam
474 2268 510 2314 se
526 2244 734 2313 conferrent.
1513 2261 1516 2266 ·

386 2362 488 2429 Hanc
503 2382 587 2429 vero
598 2361 773 2451 repulsam
788 2359 836 2427 ita
851 2359 933 2427 tulit
947 2360 1003 2428 ille
1019 2376 1067 2444 ut,
1085 2359 1135 2429 ira
1156 2361 1335 2446 frendens,
1359 2384 1448 2452 quae
1468 2383 1575 2451 para-

340 2478 445 2545 visset
458 2499 498 2545 ea
511 2477 582 2566 jam
597 2492 802 2545 maturaret.
828 2474 1006 2546 Statuerat
1028 2476 1119 2543 eninr
1134 2476 1209 2545 lore
1225 2477 1261 2545 in
1283 2477 1389 2545 armis
1409 2478 1577 2546 Mallium

341 2609 419 2660 ante
434 2592 530 2661 diem
545 2591 595 2659 Vl
609 2592 791 2659 Kalendas
807 2591 1038 2671 Novembres,
1061 2609 1093 2660 et
1110 2593 1212 2661 caede
1225 2592 1431 2682 optimatum
1450 2593 1485 2659 in
1497 2608 1578 2660 ante

341 2707 435 2776 diem
448 2709 480 2772 V
498 2707 671 2775 Kalendas
695 2707 832 2789 collata,
850 2729 885 2790 se
899 2708 1099 2792 Praeneste,
1115 2707 1143 2775 si
1159 2707 1245 2776 bene
1261 2730 1317 2775 res
1332 2708 1483 2792 cessiset,
1502 2708 1576 2775 Ka-

342 2822 456 2892 lendis
472 2821 557 2911 ipsis
577 2822 848 2904 Novembribus,
872 2839 1043 2890 nocturno
1055 2823 1199 2911 impetu,
1211 2846 1284 2892 esse
1303 2840 1575 2914 occupaturum.

342 2941 389 3007 At
405 2959 528 3006 eorum
550 2937 635 3005 nihil
648 2938 843 3006 Ciceronem
861 2937 979 3006 latuit.
996 2938 1091 3028 Quin
1101 2922 1267 3023 etiam,ea
1284 2958 1385 3008 nocte
1402 2961 1492 3030 quae
1512 2939 1579 3007 fuit

343 3073 426 3124 ante
444 3055 536 3123 diem
553 3054 755 3147 vigesimam
772 3054 925 3144 primam
946 3053 1122 3136 Octobris,
1141 3057 1186 3123 ad
1203 3078 1281 3123 eum
1296 3072 1469 3124 venerunt
1481 3057 1577 3124 haud

343 3188 464 3241 tenues
479 3171 555 3250 viri,
574 3171 634 3260 qui
651 3171 682 3239 ei
695 3171 825 3238 litteras
840 3170 904 3238 sibi
916 3170 1042 3238 missas
1056 3171 1233 3253 afferrent,
1249 3194 1290 3239 ex
1306 3171 1435 3261 quibus
1449 3174 1577 3241 eadem

257 3298 264 3311 '
344 3287 471 3357 nefaria
487 3286 657 3357 Catilinae
674 3302 792 3376 coepta
803 3285 954 3354 certiora
965 3284 1184 3355 efficerentur
1196 3310 1204 3363 ;
1218 3287 1255 3354 in
1271 3286 1323 3354 his
1336 3287 1415 3355 vitis
1429 3287 1580 3374 Crassus

344 3404 419 3494 ipse
437 3405 535 3489 erat(
560 3407 581 3489 l.

392 3518 480 3588 Orto
497 3517 602 3607 igitur
617 3517 683 3600 die,
704 3520 825 3586 Patres
844 3516 960 3607 coegit
974 3518 1109 3586 consul.
1138 3517 1223 3606 Qui,
1242 3517 1393 3607 periculo
1412 3517 1580 3587 commoti

346 3634 417 3722 jam
446 3632 644 3718 manifesto,
660 3633 905 3702 consciverunt
934 3650 971 3701 ut
983 3633 1144 3701 viderent
1170 3632 1337 3700 consules
1362 3655 1404 3700 ne
1421 3633 1504 3723 quid
1519 3655 1580 3701 res

347 3748 484 3838 publica
500 3749 700 3817 detrimenti
711 3764 848 3839 caperet
863 3750 926 3838 (3).
944 3749 962 3817 J
968 3749 1039 3816 ussi
1052 3765 1135 3816 sunt
1148 3748 1267 3816 statim
1282 3770 1301 3816 a
1319 3749 1465 3817 consule
1483 3751 1581 3816 Nlar-

350 3971 412 4010 non
433 3956 534 4019 stulte,
567 3954 743 4010 consulatus
765 3952 947 4026 petitionem
977 3952 1110 4008 Catilina
1135 3965 1215 4009 esset
1241 3952 1443 4025 periclitatus,
1468 3957 1493 4009 si
1517 3967 1583 4010 turn

350 4025 412 4080 suis
433 4026 471 4080 ad
485 4043 567 4080 arma
584 4039 692 4081 contra
709 4023 938 4097 rempublicam
956 4024 1147 4080 conclamare
1162 4025 1363 4096 permisisset.

386 4096 490 4167 ltaque
505 4097 627 4152 credere
651 4097 767 4152 malunt
792 4095 844 4151 alii
864 4111 982 4154 creatos
999 4113 1066 4151 esse
1085 4095 1226 4151 consules
1243 4097 1292 4150 die
1308 4096 1455 4169 vigesima
1469 4109 1521 4152 aut
1536 4097 1583 4152 vi-

350 4166 465 4241 gesima
480 4169 613 4224 secunda
625 4167 780 4227 Octobris.
1607 4184 1613 4191 ·

388 4239 431 4292 De
448 4239 496 4294 die
512 4239 521 4294 i
544 4239 604 4294 itur
619 4239 826 4295 controversia
842 4253 897 4307 est,
915 4238 957 4292 ita
969 4250 1069 4292 tamen
1083 4251 1116 4292 ut
1135 4236 1160 4291 si
1180 4238 1218 4291 ad
1233 4237 1409 4310 vigesimam
1425 4237 1580 4307 Octobris,

350 4310 397 4365 vel
413 4327 447 4364 ea
464 4258 586 4381 quitiam
601 4310 666 4382 ipsa
691 4310 750 4380 die,
767 4311 814 4366 vel
829 4311 921 4384 paulo
949 4322 1029 4388 ante·
1042 4310 1088 4363 vel
1109 4307 1202 4388 paulo
1221 4321 1300 4380 post,
1318 4326 1381 4363 rem
1405 4320 1502 4363 actam
1516 4325 1582 4364 esse

351 4393 449 4454 puteS,
466 4382 504 4436 ad
519 4381 676 4436 veritatem
714 4382 829 4437 roxime
845 4381 988 4437 accedere
1002 4379 1144 4434 vrdearts.

387 4453 410 4524 (r
442 4452 502 4506 Pro
516 4453 646 4512 Murena.
667 4453 694 4506 X
723 4453 822 4507 Vl.—
843 4452 888 4507 Cf.
908 4450 1278 4518 Paurnrtcrr.,Cic.‚XlV.

385 4527 414 4590 (a
442 4522 518 4590 Cre,
534 4523 595 4577 Pro
619 4523 756 4591 Murena,
774 4525 882 4579 XXVl.
898 4554 933 4564 -
957 4522 1003 4576 Cf.
1025 4523 1127 4589 Paur„
1151 4521 1224 4585 Cic..
1251 4521 1313 4575 XV.
1331 4520 1405 4574 Rem
1420 4520 1582 4576 Sallustius

352 4592 486 4649 indicare
502 4593 616 4662 omisit,
631 4611 752 4666 gravem
764 4606 865 4650 tamen
882 4607 910 4649 et
925 4593 1048 4666 dignam
1060 4609 1137 4664 quae
1154 4591 1349 4647 indicaretur.

388 4666 432 4735 (3)
455 4664 761 4720 Senatusconsultum
779 4665 865 4736 illud,
881 4665 964 4737 quod
984 4663 1095 4718 dicitur
1119 4662 1269 4730 ultimum,
1296 4675 1360 4717 tum
1388 4662 1500 4717 facturn
1518 4680 1584 4719 esse
1655 4719 1662 4732 ,

353 4748 458 4808 putare
478 4735 597 4791 videtur
611 4735 772 4792 Sallustius
787 4755 854 4792 curn
871 4737 930 4809 jam
951 4734 1101 4806 conjurati
1124 4734 1204 4806 apud
1220 4734 1348 4787 Laecam
1358 4733 1583 4804 convenissent,

352 4819 515 4880 postquam
544 4806 705 4863 Cornelius
722 4820 750 4863 et
774 4806 977 4880 Vargunteius
1003 4805 1159 4861 consulem
1177 4803 1347 4859 interficere
1372 4804 1581 4874 tentavissent,
