3725 6050
865 668 1062 742 ...14..

350 847 423 894 non
441 823 598 894 animam
628 822 713 915 eripi
745 822 805 890 sed
838 822 998 892 exsilium
1031 821 1184 913 permitti
1219 821 1381 910 juberent
1409 848 1443 907 n,
1473 838 1511 890 ut
1536 820 1590 891 ait

350 939 483 1012 (heser
499 939 593 1030 apud
606 937 825 1024 Sallustium,
843 957 951 1031 atque
967 962 1110 1030 gravem
1128 960 1273 1029 poenam
1288 936 1590 1007 comminarentur

350 1081 374 1122 a
388 1057 415 1124 si
430 1055 512 1148 quis
528 1056 747 1124 verberasset
772 1072 998 1144 necassetque
1021 1055 1133 1124 civem
1153 1076 1344 1123 romanum
1371 1082 1402 1120 ».

399 1173 447 1243 tlt
460 1171 578 1264 reipsa
590 1172 661 1260 jam
675 1187 754 1240 tum
767 1171 869 1251 cives
887 1193 1002 1241 rerum
1017 1169 1215 1261 capitalium
1232 1170 1495 1252 condemnatos,
1512 1191 1587 1238 non

352 1305 470 1358 morte
485 1287 644 1358 mulctari
662 1288 725 1357 sed
741 1284 793 1357 eis
810 1310 900 1378 aqua
913 1304 947 1356 et
962 1287 1032 1379 igni
1049 1286 1206 1356 interdici
1227 1285 1372 1355 solitum
1388 1303 1450 1356 est.

399 1407 599 1493 Postquam
611 1422 746 1490 autem,
762 1403 966 1474 vetantibus
983 1404 1048 1471 illis
1078 1403 1229 1494 legibus,
1244 1402 1445 1471 interfectus
1463 1418 1586 1470 tamen

352 1521 418 1592 {ait
443 1523 489 1592 Τ.
513 1519 708 1606 Gracchus,
724 1519 854 1612 aliique
878 1537 957 1611 post
980 1542 1074 1601 eum,
1094 1519 1216 1599 Caius,
1234 1518 1338 1587 irater
1362 1519 1451 1608 ejus,
1464 1518 1586 1600 aliam,

354 1660 468 1730 neque
486 1637 532 1708 ab
549 1636 700 1728 antiquis
717 1636 903 1719 diversam,
923 1638 1033 1729 legem
1049 1635 1133 1705 tulit
1156 1636 1234 1720 (123
1253 1658 1284 1705 a.
1306 1636 1325 1704 J
1330 1634 1415 1722 .·C.)
1436 1656 1587 1724 —quae

351 1753 493 1848 quidem
509 1752 718 1844 Sempronia
734 1752 823 1821 dicta
838 1769 890 1822 est
904 1793 947 1803 —
966 1780 982 1817 ι(
999 1755 1053 1823 Ne
1068 1753 1112 1822 de
1133 1753 1243 1842 capite
1258 1750 1384 1820 civium
1404 1753 1588 1820 Romano-

354 1891 433 1942 rum
448 1869 582 1958 injussu
595 1869 716 1960 populi
731 1868 942 1958 judicaretur
954 1872 997 1956 (ι)
1015 1895 1045 1939 n.

400 1987 481 2056 Non
494 2002 549 2056 est
559 1985 661 2076 igitur
675 1984 769 2076 quod
785 1984 988 2055 dubitemus
1004 1985 1086 2077 quin
1100 1985 1172 2076 lege
1185 1985 1389 2074 juberetura
1402 1982 1587 2052 comitiatu

353 2101 510 2174 Matium
533 2118 670 2172 tantum
691 2101 837 2192 judicari
861 2105 972 2170 civem
1000 2102 1216 2184 Romanum,
1247 2100 1275 2169 si
1302 2098 1389 2169 forte
1410 2099 1452 2168 de
1474 2099 1589 2191 capite

354 2217 433 2306 cius
447 2217 700 2309 anquireretur,
715 2217 811 2307 quod
825 2217 866 2285 de
877 2216 1025 2309 singulis
1038 2217 1103 2285 illis
1119 2217 1387 2308 intellegendum
1399 2232 1448 2285 est
1462 2214 1587 2305 poenis

355 2333 486 2428 quibus
502 2350 564 2403 aut
578 2332 657 2416 vita,
675 2350 737 2403 aut
753 2333 903 2417 libertas,
921 2350 981 2402 aut
1000 2333 1117 2402 civitas
1131 2332 1358 2403 amitteretur.

400 2449 469 2522 sed
482 2449 538 2539 jus
551 2449 637 2520 illud
647 2449 1078 2520 ordinariumobstaretne
1096 2450 1284 2540 quominus
1302 2447 1439 2517 consuli
1457 2447 1586 2535 liceret,

355 2583 532 2659 acceptae
557 2583 679 2636 senatu
694 2582 792 2636 extra
816 2566 979 2635 ordinem
1002 2583 1179 2657 potestate,
1207 2564 1400 2637 Catilinarii
1419 2555 1590 2633 facinoris'¹

355 2681 467 2752 socios
479 2699 631 2752 extremo
643 2681 775 2751 allicere
788 2681 973 2774 supplicio,
993 2683 1117 2774 quaeri
1132 2699 1244 2772 potest
1258 2699 1291 2751 et
1307 2679 1490 2772 disputari.
1638 2769 1642 2778 1

400 2796 589 2869 (institisse
616 2797 759 2888 quidem
788 2798 858 2868 fere
887 2821 1010 2868 omnes
1039 2799 1247 2879 existimant,
1275 2821 1387 2887 neque
1418 2819 1473 2866 me
1501 2797 1587 2866 latet

358 2935 468 3008 quam
486 2913 529 2984 sit
545 2913 776 3006 periculosum
806 2938 826 2983 a
848 2931 899 2984 tot
911 2933 1055 3002 tamque
1069 2916 1179 2984 doctis
1194 2914 1399 2984 hominibus
1417 2913 1533 2983 dehac
1548 2935 1587 2982 re

355 3032 581 3101 disserentem
595 3031 789 3124 discrepare
805 3036 861 3119 (2).

399 3148 433 3218 Si
447 3165 564 3219 tamen
580 3165 697 3217 mente
711 3149 880 3239 discrepo,
896 3147 1010 3230 liceat,
1030 3170 1175 3239 quaeso,
1191 3149 1276 3217 mihi
1295 3149 1398 3217 malle
1412 3163 1531 3218 contra
1544 3170 1586 3216 ea

357 3286 448 3357 quae
471 3263 529 3335 alii
545 3263 722 3335 senserint
747 3263 863 3333 dicere
883 3286 990 3354 quarn
1012 3281 1134 3333 contra
1149 3288 1188 3339 ea
1208 3288 1299 3354 quae
1321 3265 1396 3355 ipse
1422 3262 1584 3335 sentiam.

393 3507 401 3577 (
410 3505 513 3633 telCrc.
530 3504 590 3560 Pro
606 3503 705 3564 Rabir.
721 3504 820 3577 perd,
841 3510 887 3575 4§
905 3522 949 3560 12.
968 3536 1002 3546 -
1016 3504 1062 3560 Cf.
1085 3506 1149 3561 Cre.
1167 3506 1208 3561 lV
1221 3505 1321 3575 Catil,
1338 3509 1367 3576 53
1384 3506 1395 3560 Ι
1412 3504 1513 3576 Catil,
1534 3523 1584 3576 113

356 3576 390 3633 In
438 3593 542 3643 errem,
555 3576 592 3645 ΙΙ,
609 3578 636 3642 5,
651 3576 703 3645 63;
724 3576 786 3631 Pro
800 3575 942 3644 Cluentio,
956 3577 1001 3633 55.
1018 3607 1053 3618 -
1067 3577 1160 3637 Veri..
1178 3579 1308 3634 Persae.
1327 3579 1366 3642 ΙΙ,
1388 3595 1416 3648 7.
1438 3607 1472 3618 -
1488 3577 1585 3637 Aue.-

357 3648 465 3715 Gucn„
483 3648 519 3714 X,
544 3647 586 3706 13.
605 3678 637 3688 -
655 3646 851 3716 Plurimum,
866 3645 899 3705 C.
917 3647 1018 3715 Grac„
1036 3649 1086 3707 lV.
1324 3670 1326 3675 ’

392 3719 432 3791 (a)
464 3718 504 3774 Ut
534 3735 627 3772 unum
665 3717 824 3790 appellem,
853 3717 976 3773 maximi
1017 3719 1143 3792 quidem
1173 3719 1334 3846 ponderis
1360 3718 1434 3774 haec
1461 3717 1586 3800 scripsit

358 3790 529 3846 Mommsen
543 3787 574 3843 in
590 3806 644 3844 sua
656 3789 791 3844 Romana
807 3788 933 3845 historia
949 3791 1038 3862 (trad.
1054 3791 1169 3846 Alexan

362 3861 444 3930 1868,
465 3871 486 3918 t.
504 3860 555 3927 Vl,
570 3877 599 3932 p.
621 3860 687 3929 346)
705 3878 711 3915 :
731 3881 743 3912 «
762 3861 776 3916 J
781 3860 874 3916 amais
890 3876 1127 3934 gouvernetnent
1150 3881 1186 3918 ne
1201 3881 1231 3918 se
1248 3875 1367 3917 montra
1382 3862 1450 3934 plus
1465 3862 1586 3918 au-des·

358 3949 431 3988 sous
447 3931 484 3986 de
500 3948 532 3985 sa
547 3929 674 3986 mission
691 3949 748 4002 que
759 3931 786 3987 la
802 3932 992 4004 Re'publique
1008 3935 1146 3989 romaine
1160 3952 1196 3989 en
1212 3947 1289 3990 cette
1305 3934 1370 3988 nuit
1385 3932 1485 3999 fatale,
1501 3936 1540 3988 orl
1556 3933 1586 3988 la

357 4002 498 4077 majorite
518 4003 557 4057 du
572 4001 711 4075 pouvoir‚
726 4016 831 4058 vorant
844 4004 881 4058 de
897 4022 972 4076 sang
990 4003 1080 4073 froid,
1098 4018 1127 4061 et
1144 4023 1215 4061 avec
1231 4004 1449 4061 l’assentirnent
1466 4004 1584 4077 public,

357 4075 482 4147 disposa
498 4091 567 4129 sans
582 4075 689 4146 proces
704 4075 740 4129 de
757 4074 784 4129 la
799 4075 846 4129 vie
863 4074 898 4130 de
913 4075 1040 4130 deterius
1060 4076 1236 4149 polirique5‚
1252 4076 1417 4149 coupables
1435 4088 1464 4131 et
1481 4075 1586 4149 punis·

358 4144 457 4201 sables
478 4146 587 4201 devant
601 4143 629 4199 la
650 4143 692 4199 loi
706 4162 775 4200 sans
792 4145 844 4200 nul
860 4146 963 4217 doute,
982 4147 1057 4202 mais
1074 4147 1136 4220 qui,
1151 4148 1315 4221 jusque-ld,
1330 4147 1481 4203 n'avaient
1498 4146 1587 4220 point

358 4234 493 4272 encouru
516 4215 544 4270 la
568 4215 657 4288 peine
677 4215 816 4289 capitale,
837 4219 877 4272 ou
900 4235 941 4272 on
964 4219 1006 4273 les
1030 4231 1081 4274 tua
1108 4237 1145 4274 en
1168 4232 1253 4275 toute
1275 4219 1354 4287 hate,
1380 4235 1469 4305 parce
1492 4219 1586 4290 qu’on

358 4287 467 4344 n'osait
483 4287 526 4342 les
543 4286 658 4342 confier
673 4288 690 4342 a
703 4286 731 4343 la
746 4287 862 4361 prison,
876 4305 968 4369 parce
985 4307 1042 4361 que
1056 4288 1084 4343 la
1099 4289 1199 4362 police
1211 4290 1358 4363 re'guliere
1374 4292 1447 4346 etait
1461 4289 1586 4364 impuis·

357 4371 454 4414 sante.
470 4358 513 4412 La
528 4357 663 4431 trage'die
678 4358 753 4414 dans
769 4358 916 4415 l'historre
933 4378 950 4415 a
986 4378 1094 4432 resque
1110 4363 1248 4434 toujours
1269 4379 1324 4416 son
1340 4362 1408 4416 cote
1424 4363 1584 4434 comique:

358 4429 399 4485 ici
415 4428 441 4485 le
457 4428 527 4485 trait
543 4431 559 4484 a
573 4442 670 4495 noter,
688 4429 759 4485 c'est
773 4430 809 4485 de
825 4429 892 4485 voir
907 4430 935 4487 le
947 4379 1016 4504 pius
1032 4433 1131 4487 brutal
1145 4447 1173 4488 et
1194 4433 1220 4488 le
1238 4432 1305 4505 plus
1322 4432 1503 4505 tyrannique
1519 4433 1584 4489 for-

357 4500 413 4557 tait
432 4500 692 4573 s’accomplissant
704 4518 758 4573 par
771 4501 799 4556 la
813 4502 895 4556 main
911 4502 950 4556 du
966 4502 1034 4575 plus
1051 4503 1272 4576 inconsequens
1289 4516 1317 4559 et
1337 4505 1377 4558 du
1392 4504 1461 4576 plus
1474 4504 1584 4560 timore

358 4573 411 4628 des
427 4571 564 4627 hommes
581 4571 682 4627 d'Etat
701 4572 737 4626 de
764 4573 873 4642 Rome3
896 4573 967 4628 c‘est
987 4574 1110 4630 devoir
1132 4575 1159 4630 le
1177 4574 1335 4648 «premier
1358 4575 1465 4630 consul
1488 4592 1585 4649 popu·

357 4642 432 4698 laire
449 4664 461 4694 n
477 4642 667 4716 (expression
684 4643 720 4698 de
739 4643 868 4699 Cice'ron
884 4645 960 4700 dans
980 4645 1007 4701 le
1023 4646 1069 4701 De
1084 4646 1163 4724 Lege
1178 4647 1314 4723 agraria,
1331 4647 1369 4710 ΙΙ)
1389 4645 1482 4718 qu'ait
1498 4664 1535 4701 eu
1555 4647 1584 4702 la

360 4713 561 4787 Republique,
576 4714 674 4770 choisi
697 4731 734 4769 en
750 4714 881 4786 quelque
904 4730 985 4772 sorte
1005 4735 1083 4790 pour
1093 4730 1205 4798 'portet
1226 4718 1254 4773 la
1276 4717 1358 4773 main
1378 4735 1430 4774 sur
1451 4717 1478 4773 le
1500 4718 1585 4774 droit

358 4785 488 4860 d’appel,
503 4804 554 4841 sur
571 4785 598 4842 le
616 4785 783 4859 palladium
799 4787 852 4842 des
868 4786 991 4844 liberte's
1004 4806 1166 4844 romarnes.
1184 4810 1196 4841 »

1194 3810 1236 3863 re,
1251 3791 1302 3850 liv.
1322 3791 1358 3860 V,
1376 3790 1424 3849 ch.
1438 3809 1466 3858 v,
1484 3792 1585 3858 Paris,
