<?xml version="1.0" encoding="UTF-8"?>
<!DOCTYPE html PUBLIC "-//W3C//DTD XHTML 1.0 Transitional//EN"
    "http://www.w3.org/TR/xhtml1/DTD/xhtml1-transitional.dtd">
<html xmlns="http://www.w3.org/1999/xhtml" xml:lang="en" lang="en">
 <head>
  <title>
</title>
<meta http-equiv="Content-Type" content="text/html;charset=utf-8" />
  <meta name='ocr-system' content='tesseract 3.04.00' />
  <meta name='ocr-capabilities' content='ocr_page ocr_carea ocr_par ocr_line ocrx_word'/>
</head>
<body>
  <div class='ocr_page' id='page_1' title='image "./numlegitimeprud00bertgoog_0037.png"; bbox 0 0 3725 6050; ppageno 0'>
   <div class='ocr_carea' id='block_1_1' title="bbox 829 843 1027 921">
    <p class='ocr_par' dir='ltr' id='par_1_1' title="bbox 829 843 1027 921">
     <span class='ocr_line' id='line_1_1' title="bbox 829 843 1027 921; baseline 0 -44"><span class='ocrx_word' id='word_1_1' title='bbox 829 843 1027 921; x_wconf 47' lang='grc' dir='ltr'>...ψ</span> 
     </span>
    </p>
   </div>
   <div class='ocr_carea' id='block_1_2' title="bbox 305 992 1544 4914">
    <p class='ocr_par' dir='ltr' id='par_1_2' title="bbox 313 992 1538 1441">
     <span class='ocr_line' id='line_1_2' title="bbox 314 992 1538 1089; baseline -0.004 -18"><span class='ocrx_word' id='word_1_2' title='bbox 314 993 396 1072; x_wconf 88' lang='lat' dir='ltr'>rum</span> <span class='ocrx_word' id='word_1_3' title='bbox 420 998 609 1069; x_wconf 88' lang='lat' dir='ltr'>narrando.</span> <span class='ocrx_word' id='word_1_4' title='bbox 625 992 773 1089; x_wconf 81' lang='lat' dir='ltr'>Magnae</span> <span class='ocrx_word' id='word_1_5' title='bbox 796 1015 878 1068; x_wconf 91' lang='lat' dir='ltr'>sunt</span> <span class='ocrx_word' id='word_1_6' title='bbox 897 1016 1013 1067; x_wconf 91' lang='lat' dir='ltr'>tamen</span> <span class='ocrx_word' id='word_1_7' title='bbox 1036 996 1088 1065; x_wconf 97' lang='lat' dir='ltr'>illi</span> <span class='ocrx_word' id='word_1_8' title='bbox 1108 993 1336 1078; x_wconf 81' lang='lat' dir='ltr'>auctoritatis,</span> <span class='ocrx_word' id='word_1_9' title='bbox 1352 996 1538 1089; x_wconf 85' lang='lat' dir='ltr'>gravisque</span> 
     </span>
     <span class='ocr_line' id='line_1_3' title="bbox 313 1113 1536 1209; baseline -0.004 -23"><span class='ocrx_word' id='word_1_10' title='bbox 313 1115 490 1209; x_wconf 90' lang='lat' dir='ltr'>ponderis,</span> <span class='ocrx_word' id='word_1_11' title='bbox 508 1115 623 1184; x_wconf 90' lang='lat' dir='ltr'>multo</span> <span class='ocrx_word' id='word_1_12' title='bbox 645 1132 738 1183; x_wconf 90' lang='lat' dir='ltr'>certe</span> <span class='ocrx_word' id='word_1_13' title='bbox 761 1113 926 1207; x_wconf 83' lang='lat' dir='ltr'>gravioris</span> <span class='ocrx_word' id='word_1_14' title='bbox 951 1135 1060 1204; x_wconf 92' lang='lat' dir='ltr'>quam</span> <span class='ocrx_word' id='word_1_15' title='bbox 1083 1136 1173 1181; x_wconf 90' lang='lat' dir='ltr'>unus</span> <span class='ocrx_word' id='word_1_16' title='bbox 1196 1113 1353 1182; x_wconf 89' lang='lat' dir='ltr'>Valerius</span> <span class='ocrx_word' id='word_1_17' title='bbox 1370 1113 1536 1197; x_wconf 85' lang='lat' dir='ltr'>Flaccus,</span> 
     </span>
     <span class='ocr_line' id='line_1_4' title="bbox 315 1229 1534 1324; baseline -0.003 -20"><span class='ocrx_word' id='word_1_18' title='bbox 315 1250 348 1304; x_wconf 89' lang='lat' dir='ltr'>et</span> <span class='ocrx_word' id='word_1_19' title='bbox 367 1231 573 1324; x_wconf 90' lang='lat' dir='ltr'>praesertim</span> <span class='ocrx_word' id='word_1_20' title='bbox 595 1253 704 1322; x_wconf 91' lang='lat' dir='ltr'>quam</span> <span class='ocrx_word' id='word_1_21' title='bbox 727 1233 851 1301; x_wconf 87' lang='lat' dir='ltr'>Festus</span> <span class='ocrx_word' id='word_1_22' title='bbox 873 1231 939 1312; x_wconf 92' lang='lat' dir='ltr'>ille,</span> <span class='ocrx_word' id='word_1_23' title='bbox 966 1229 1066 1321; x_wconf 85' lang='lat' dir='ltr'>cujus</span> <span class='ocrx_word' id='word_1_24' title='bbox 1089 1230 1191 1298; x_wconf 91' lang='lat' dir='ltr'>unius</span> <span class='ocrx_word' id='word_1_25' title='bbox 1212 1229 1361 1299; x_wconf 82' lang='lat' dir='ltr'>fortasse</span> <span class='ocrx_word' id='word_1_26' title='bbox 1385 1247 1437 1299; x_wconf 93' lang='lat' dir='ltr'>est</span> <span class='ocrx_word' id='word_1_27' title='bbox 1458 1229 1534 1313; x_wconf 86' lang='lat' dir='ltr'>ista,</span> 
     </span>
     <span class='ocr_line' id='line_1_5' title="bbox 316 1347 767 1441; baseline -0.004 -22"><span class='ocrx_word' id='word_1_28' title='bbox 316 1371 425 1441; x_wconf 92' lang='lat' dir='ltr'>quam</span> <span class='ocrx_word' id='word_1_29' title='bbox 440 1347 561 1431; x_wconf 87' lang='lat' dir='ltr'>edidit,</span> <span class='ocrx_word' id='word_1_30' title='bbox 579 1347 767 1417; x_wconf 88' lang='lat' dir='ltr'>sententia.</span> 
     </span>
    </p>

    <p class='ocr_par' dir='ltr' id='par_1_3' title="bbox 305 1462 1539 1905">
     <span class='ocr_line' id='line_1_6' title="bbox 316 1462 1539 1556; baseline -0.006 -20"><span class='ocrx_word' id='word_1_31' title='bbox 316 1528 320 1536; x_wconf 85' lang='lat'>.</span> <span class='ocrx_word' id='word_1_32' title='bbox 362 1464 436 1555; x_wconf 94' lang='lat' dir='ltr'>Qui</span> <span class='ocrx_word' id='word_1_33' title='bbox 454 1464 491 1534; x_wconf 89' lang='lat' dir='ltr'>fit</span> <span class='ocrx_word' id='word_1_34' title='bbox 510 1464 614 1556; x_wconf 86' lang='lat' dir='ltr'>igitur</span> <span class='ocrx_word' id='word_1_35' title='bbox 629 1480 666 1532; x_wconf 93' lang='lat' dir='ltr'>ut</span> <span class='ocrx_word' id='word_1_36' title='bbox 681 1464 740 1554; x_wconf 92' lang='lat' dir='ltr'>qui</span> <span class='ocrx_word' id='word_1_37' title='bbox 756 1462 966 1535; x_wconf 84' lang='lat' dir='ltr'>Ciceronem</span> <span class='ocrx_word' id='word_1_38' title='bbox 985 1480 1020 1533; x_wconf 92' lang='lat' dir='ltr'>et</span> <span class='ocrx_word' id='word_1_39' title='bbox 1034 1462 1156 1532; x_wconf 87' lang='lat' dir='ltr'>Titum</span> <span class='ocrx_word' id='word_1_40' title='bbox 1173 1462 1310 1530; x_wconf 90' lang='lat' dir='ltr'>Livium</span> <span class='ocrx_word' id='word_1_41' title='bbox 1330 1462 1366 1531; x_wconf 89' lang='lat' dir='ltr'>in</span> <span class='ocrx_word' id='word_1_42' title='bbox 1386 1484 1539 1531; x_wconf 90' lang='lat' dir='ltr'>errorem</span> 
     </span>
     <span class='ocr_line' id='line_1_7' title="bbox 316 1577 1539 1673; baseline -0.003 -22"><span class='ocrx_word' id='word_1_43' title='bbox 316 1598 436 1673; x_wconf 91' lang='lat' dir='ltr'>raptos</span> <span class='ocrx_word' id='word_1_44' title='bbox 468 1602 541 1650; x_wconf 87' lang='lat' dir='ltr'>esse</span> <span class='ocrx_word' id='word_1_45' title='bbox 566 1596 684 1670; x_wconf 84' lang='lat' dir='ltr'>aperte</span> <span class='ocrx_word' id='word_1_46' title='bbox 715 1578 946 1671; x_wconf 90' lang='lat' dir='ltr'>pronuntiare</span> <span class='ocrx_word' id='word_1_47' title='bbox 983 1601 1053 1649; x_wconf 90' lang='lat' dir='ltr'>non</span> <span class='ocrx_word' id='word_1_48' title='bbox 1089 1577 1238 1661; x_wconf 89' lang='lat' dir='ltr'>dubitet,</span> <span class='ocrx_word' id='word_1_49' title='bbox 1267 1577 1362 1647; x_wconf 93' lang='lat' dir='ltr'>idem</span> <span class='ocrx_word' id='word_1_50' title='bbox 1388 1579 1539 1648; x_wconf 90' lang='lat' dir='ltr'>Festum</span> 
     </span>
     <span class='ocr_line' id='line_1_8' title="bbox 316 1694 1538 1788; baseline -0.002 -23"><span class='ocrx_word' id='word_1_51' title='bbox 316 1696 431 1788; x_wconf 88' lang='lat' dir='ltr'>decipi</span> <span class='ocrx_word' id='word_1_52' title='bbox 452 1720 526 1766; x_wconf 90' lang='lat' dir='ltr'>non</span> <span class='ocrx_word' id='word_1_53' title='bbox 546 1695 702 1787; x_wconf 88' lang='lat' dir='ltr'>potuisse</span> <span class='ocrx_word' id='word_1_54' title='bbox 722 1695 770 1765; x_wconf 90' lang='lat' dir='ltr'>ita</span> <span class='ocrx_word' id='word_1_55' title='bbox 792 1719 1000 1786; x_wconf 88' lang='lat' dir='ltr'>persuasum</span> <span class='ocrx_word' id='word_1_56' title='bbox 1025 1695 1152 1765; x_wconf 89' lang='lat' dir='ltr'>habeat</span> <span class='ocrx_word' id='word_1_57' title='bbox 1177 1712 1217 1764; x_wconf 91' lang='lat' dir='ltr'>ut</span> <span class='ocrx_word' id='word_1_58' title='bbox 1243 1706 1353 1764; x_wconf 90' lang='lat' dir='ltr'>totam</span> <span class='ocrx_word' id='word_1_59' title='bbox 1381 1694 1538 1788; x_wconf 91' lang='lat' dir='ltr'>antiqui·</span> 
     </span>
     <span class='ocr_line' id='line_1_9' title="bbox 305 1811 983 1905; baseline 0 -22"><span class='ocrx_word' id='word_1_60' title='bbox 305 1831 421 1883; x_wconf 86' lang='lat' dir='ltr'>tatem</span> <span class='ocrx_word' id='word_1_61' title='bbox 436 1815 615 1905; x_wconf 84' lang='lat' dir='ltr'>deceptam</span> <span class='ocrx_word' id='word_1_62' title='bbox 630 1834 707 1882; x_wconf 90' lang='lat' dir='ltr'>esse</span> <span class='ocrx_word' id='word_1_63' title='bbox 727 1811 840 1882; x_wconf 87' lang='lat' dir='ltr'>dicere</span> <span class='ocrx_word' id='word_1_64' title='bbox 855 1812 983 1883; x_wconf 79' lang='lat' dir='ltr'>malit?</span> 
     </span>
    </p>

    <p class='ocr_par' dir='ltr' id='par_1_4' title="bbox 313 1928 1543 2604">
     <span class='ocr_line' id='line_1_10' title="bbox 362 1928 1540 2020; baseline 0 -19"><span class='ocrx_word' id='word_1_65' title='bbox 362 1930 400 2002; x_wconf 89' lang='lat' dir='ltr'>Si</span> <span class='ocrx_word' id='word_1_66' title='bbox 433 1930 503 1999; x_wconf 91' lang='lat' dir='ltr'>duo</span> <span class='ocrx_word' id='word_1_67' title='bbox 527 1929 612 1999; x_wconf 92' lang='lat' dir='ltr'>istos</span> <span class='ocrx_word' id='word_1_68' title='bbox 639 1929 810 1998; x_wconf 91' lang='lat' dir='ltr'>maximos</span> <span class='ocrx_word' id='word_1_69' title='bbox 835 1928 1034 2020; x_wconf 86' lang='lat' dir='ltr'>scriptores,</span> <span class='ocrx_word' id='word_1_70' title='bbox 1058 1928 1273 2018; x_wconf 87' lang='lat' dir='ltr'>eosdemque</span> <span class='ocrx_word' id='word_1_71' title='bbox 1298 1929 1347 1997; x_wconf 90' lang='lat' dir='ltr'>rei</span> <span class='ocrx_word' id='word_1_72' title='bbox 1373 1952 1540 2001; x_wconf 87' lang='lat' dir='ltr'>romanae</span> 
     </span>
     <span class='ocr_line' id='line_1_11' title="bbox 317 2044 1542 2139; baseline 0 -22"><span class='ocrx_word' id='word_1_73' title='bbox 317 2046 562 2139; x_wconf 89' lang='lat' dir='ltr'>peritissimos,</span> <span class='ocrx_word' id='word_1_74' title='bbox 578 2068 694 2116; x_wconf 90' lang='lat' dir='ltr'>errore</span> <span class='ocrx_word' id='word_1_75' title='bbox 721 2045 892 2115; x_wconf 93' lang='lat' dir='ltr'>immunes</span> <span class='ocrx_word' id='word_1_76' title='bbox 919 2068 992 2113; x_wconf 92' lang='lat' dir='ltr'>non</span> <span class='ocrx_word' id='word_1_77' title='bbox 1017 2044 1122 2114; x_wconf 84' lang='lat' dir='ltr'>luisse</span> <span class='ocrx_word' id='word_1_78' title='bbox 1144 2045 1357 2114; x_wconf 89' lang='lat' dir='ltr'>credendum</span> <span class='ocrx_word' id='word_1_79' title='bbox 1381 2064 1448 2132; x_wconf 91' lang='lat' dir='ltr'>est,</span> <span class='ocrx_word' id='word_1_80' title='bbox 1472 2071 1542 2138; x_wconf 90' lang='lat' dir='ltr'>qua</span> 
     </span>
     <span class='ocr_line' id='line_1_12' title="bbox 316 2155 1543 2255; baseline 0.001 -22"><span class='ocrx_word' id='word_1_81' title='bbox 316 2186 423 2234; x_wconf 89' lang='lat' dir='ltr'>causa</span> <span class='ocrx_word' id='word_1_82' title='bbox 447 2164 634 2255; x_wconf 88' lang='lat' dir='ltr'>credamus</span> <span class='ocrx_word' id='word_1_83' title='bbox 658 2155 795 2254; x_wconf 87' lang='lat' dir='ltr'>oportet</span> <span class='ocrx_word' id='word_1_84' title='bbox 812 2164 961 2231; x_wconf 89' lang='lat' dir='ltr'>Festum</span> <span class='ocrx_word' id='word_1_85' title='bbox 982 2184 1126 2253; x_wconf 90' lang='lat' dir='ltr'>prorsus</span> <span class='ocrx_word' id='word_1_86' title='bbox 1147 2183 1225 2230; x_wconf 89' lang='lat' dir='ltr'>eum</span> <span class='ocrx_word' id='word_1_87' title='bbox 1244 2162 1352 2231; x_wconf 86' lang='lat' dir='ltr'>fuisse</span> <span class='ocrx_word' id='word_1_88' title='bbox 1374 2162 1411 2232; x_wconf 94' lang='lat' dir='ltr'>in</span> <span class='ocrx_word' id='word_1_89' title='bbox 1436 2186 1543 2255; x_wconf 92' lang='lat' dir='ltr'>quem</span> 
     </span>
     <span class='ocr_line' id='line_1_13' title="bbox 319 2278 1542 2371; baseline -0.001 -21"><span class='ocrx_word' id='word_1_90' title='bbox 319 2303 418 2351; x_wconf 88' lang='lat' dir='ltr'>error</span> <span class='ocrx_word' id='word_1_91' title='bbox 440 2302 510 2348; x_wconf 90' lang='lat' dir='ltr'>non</span> <span class='ocrx_word' id='word_1_92' title='bbox 535 2280 685 2363; x_wconf 90' lang='lat' dir='ltr'>caderet,</span> <span class='ocrx_word' id='word_1_93' title='bbox 712 2278 863 2348; x_wconf 86' lang='lat' dir='ltr'>maxime</span> <span class='ocrx_word' id='word_1_94' title='bbox 885 2301 995 2368; x_wconf 93' lang='lat' dir='ltr'>quum</span> <span class='ocrx_word' id='word_1_95' title='bbox 1022 2278 1118 2371; x_wconf 91' lang='lat' dir='ltr'>quod</span> <span class='ocrx_word' id='word_1_96' title='bbox 1140 2278 1315 2369; x_wconf 90' lang='lat' dir='ltr'>scripserit</span> <span class='ocrx_word' id='word_1_97' title='bbox 1337 2279 1372 2347; x_wconf 95' lang='lat' dir='ltr'>id</span> <span class='ocrx_word' id='word_1_98' title='bbox 1399 2302 1420 2348; x_wconf 91' lang='lat' dir='ltr'>a</span> <span class='ocrx_word' id='word_1_99' title='bbox 1443 2282 1542 2349; x_wconf 92' lang='lat' dir='ltr'>nullo</span> 
     </span>
     <span class='ocr_line' id='line_1_14' title="bbox 313 2393 1543 2487; baseline 0 -22"><span class='ocrx_word' id='word_1_100' title='bbox 313 2397 485 2487; x_wconf 89' lang='lat' dir='ltr'>nullaque</span> <span class='ocrx_word' id='word_1_101' title='bbox 498 2418 533 2480; x_wconf 80' lang='lat' dir='ltr'>re</span> <span class='ocrx_word' id='word_1_102' title='bbox 547 2395 802 2479; x_wconf 88' lang='lat' dir='ltr'>confirmatum,</span> <span class='ocrx_word' id='word_1_103' title='bbox 818 2396 880 2464; x_wconf 92' lang='lat' dir='ltr'>sed</span> <span class='ocrx_word' id='word_1_104' title='bbox 896 2395 941 2463; x_wconf 89' lang='lat' dir='ltr'>ab</span> <span class='ocrx_word' id='word_1_105' title='bbox 951 2393 1116 2463; x_wconf 90' lang='lat' dir='ltr'>omnibus</span> <span class='ocrx_word' id='word_1_106' title='bbox 1129 2410 1250 2463; x_wconf 89' lang='lat' dir='ltr'>contra</span> <span class='ocrx_word' id='word_1_107' title='bbox 1261 2411 1423 2486; x_wconf 78' lang='lat' dir='ltr'>negatum</span> <span class='ocrx_word' id='word_1_108' title='bbox 1434 2396 1543 2465; x_wconf 90' lang='lat' dir='ltr'>mori·</span> 
     </span>
     <span class='ocr_line' id='line_1_15' title="bbox 317 2510 945 2604; baseline -0.003 -22"><span class='ocrx_word' id='word_1_109' title='bbox 317 2515 449 2604; x_wconf 92' lang='lat' dir='ltr'>busque</span> <span class='ocrx_word' id='word_1_110' title='bbox 465 2512 689 2582; x_wconf 80' lang='lat' dir='ltr'>confutatum</span> <span class='ocrx_word' id='word_1_111' title='bbox 704 2510 918 2602; x_wconf 91' lang='lat' dir='ltr'>reperiamus</span> <span class='ocrx_word' id='word_1_112' title='bbox 934 2514 945 2580; x_wconf 73' lang='grc' dir='ltr'><em>ἓ</em></span> 
     </span>
    </p>

    <p class='ocr_par' dir='ltr' id='par_1_5' title="bbox 315 2626 1543 3165">
     <span class='ocr_line' id='line_1_16' title="bbox 361 2626 1539 2721; baseline -0.001 -23"><span class='ocrx_word' id='word_1_113' title='bbox 361 2628 450 2698; x_wconf 88' lang='lat' dir='ltr'>Mihi</span> <span class='ocrx_word' id='word_1_114' title='bbox 467 2628 612 2721; x_wconf 91' lang='lat' dir='ltr'>quidem</span> <span class='ocrx_word' id='word_1_115' title='bbox 627 2628 764 2696; x_wconf 90' lang='lat' dir='ltr'>videtur</span> <span class='ocrx_word' id='word_1_116' title='bbox 780 2630 905 2697; x_wconf 90' lang='lat' dir='ltr'>Festus</span> <span class='ocrx_word' id='word_1_117' title='bbox 920 2631 1002 2715; x_wconf 86' lang='lat' dir='ltr'>(aut,</span> <span class='ocrx_word' id='word_1_118' title='bbox 1018 2626 1046 2695; x_wconf 93' lang='lat' dir='ltr'>si</span> <span class='ocrx_word' id='word_1_119' title='bbox 1061 2627 1175 2711; x_wconf 87' lang='lat' dir='ltr'>malis,</span> <span class='ocrx_word' id='word_1_120' title='bbox 1191 2627 1350 2697; x_wconf 91' lang='lat' dir='ltr'>Valerius</span> <span class='ocrx_word' id='word_1_121' title='bbox 1367 2629 1539 2718; x_wconf 81' lang='lat' dir='ltr'>Flaccus),</span> 
     </span>
     <span class='ocr_line' id='line_1_17' title="bbox 315 2743 1543 2836; baseline 0.001 -22"><span class='ocrx_word' id='word_1_122' title='bbox 315 2768 399 2815; x_wconf 93' lang='lat' dir='ltr'>cum</span> <span class='ocrx_word' id='word_1_123' title='bbox 423 2746 454 2814; x_wconf 94' lang='lat' dir='ltr'>ei</span> <span class='ocrx_word' id='word_1_124' title='bbox 482 2745 567 2836; x_wconf 91' lang='lat' dir='ltr'>quid</span> <span class='ocrx_word' id='word_1_125' title='bbox 590 2743 823 2836; x_wconf 82' lang='lat' dir='ltr'>significarent</span> <span class='ocrx_word' id='word_1_126' title='bbox 846 2744 952 2813; x_wconf 86' lang='lat' dir='ltr'>verba</span> <span class='ocrx_word' id='word_1_127' title='bbox 975 2772 992 2808; x_wconf 77' lang='lat' dir='ltr'>a</span> <span class='ocrx_word' id='word_1_128' title='bbox 1018 2744 1167 2835; x_wconf 92' lang='lat' dir='ltr'>Optima</span> <span class='ocrx_word' id='word_1_129' title='bbox 1188 2745 1242 2813; x_wconf 91' lang='lat' dir='ltr'>lex</span> <span class='ocrx_word' id='word_1_130' title='bbox 1268 2774 1284 2808; x_wconf 91' lang='lat'>»</span> <span class='ocrx_word' id='word_1_131' title='bbox 1307 2746 1488 2835; x_wconf 90' lang='lat' dir='ltr'>explanare</span> <span class='ocrx_word' id='word_1_132' title='bbox 1510 2762 1543 2815; x_wconf 93' lang='lat' dir='ltr'>et</span> 
     </span>
     <span class='ocr_line' id='line_1_18' title="bbox 316 2859 1543 2953; baseline 0 -22"><span class='ocrx_word' id='word_1_133' title='bbox 316 2862 482 2953; x_wconf 88' lang='lat' dir='ltr'>explicare</span> <span class='ocrx_word' id='word_1_134' title='bbox 495 2862 661 2951; x_wconf 90' lang='lat' dir='ltr'>placeret,</span> <span class='ocrx_word' id='word_1_135' title='bbox 679 2862 812 2930; x_wconf 87' lang='lat' dir='ltr'>nullam</span> <span class='ocrx_word' id='word_1_136' title='bbox 832 2861 936 2930; x_wconf 91' lang='lat' dir='ltr'>aliam</span> <span class='ocrx_word' id='word_1_137' title='bbox 962 2859 1160 2951; x_wconf 91' lang='lat' dir='ltr'>explicandi</span> <span class='ocrx_word' id='word_1_138' title='bbox 1181 2861 1352 2931; x_wconf 90' lang='lat' dir='ltr'>rationem</span> <span class='ocrx_word' id='word_1_139' title='bbox 1376 2861 1543 2932; x_wconf 91' lang='lat' dir='ltr'>invenisse</span> 
     </span>
     <span class='ocr_line' id='line_1_19' title="bbox 318 2977 1542 3072; baseline 0 -24"><span class='ocrx_word' id='word_1_140' title='bbox 318 2978 381 3048; x_wconf 88' lang='lat' dir='ltr'>nisi</span> <span class='ocrx_word' id='word_1_141' title='bbox 396 2977 626 3049; x_wconf 90' lang='lat' dir='ltr'>dictatoribus</span> <span class='ocrx_word' id='word_1_142' title='bbox 644 3000 713 3047; x_wconf 92' lang='lat' dir='ltr'>non</span> <span class='ocrx_word' id='word_1_143' title='bbox 731 2977 837 3048; x_wconf 89' lang='lat' dir='ltr'>luisse</span> <span class='ocrx_word' id='word_1_144' title='bbox 855 2978 1014 3048; x_wconf 90' lang='lat' dir='ltr'>eamdem</span> <span class='ocrx_word' id='word_1_145' title='bbox 1035 2999 1176 3070; x_wconf 90' lang='lat' dir='ltr'>semper</span> <span class='ocrx_word' id='word_1_146' title='bbox 1192 2995 1401 3070; x_wconf 91' lang='lat' dir='ltr'>potestatem</span> <span class='ocrx_word' id='word_1_147' title='bbox 1423 2979 1542 3072; x_wconf 89' lang='lat' dir='ltr'>suspi-</span> 
     </span>
     <span class='ocr_line' id='line_1_20' title="bbox 316 3103 759 3165; baseline 0.007 -1"><span class='ocrx_word' id='word_1_148' title='bbox 316 3103 466 3165; x_wconf 87' lang='lat' dir='ltr'>caretur.</span> <span class='ocrx_word' id='word_1_149' title='bbox 756 3105 759 3110; x_wconf 82' lang='grc'><strong>’</strong></span> 
     </span>
    </p>

    <p class='ocr_par' dir='ltr' id='par_1_6' title="bbox 362 3211 1540 3303">
     <span class='ocr_line' id='line_1_21' title="bbox 362 3211 1540 3303; baseline 0.001 -21"><span class='ocrx_word' id='word_1_150' title='bbox 362 3214 404 3283; x_wconf 91' lang='lat' dir='ltr'>ln</span> <span class='ocrx_word' id='word_1_151' title='bbox 430 3234 500 3303; x_wconf 91' lang='lat' dir='ltr'>quo</span> <span class='ocrx_word' id='word_1_152' title='bbox 519 3233 601 3281; x_wconf 93' lang='lat' dir='ltr'>eum</span> <span class='ocrx_word' id='word_1_153' title='bbox 625 3234 696 3281; x_wconf 92' lang='lat' dir='ltr'>non</span> <span class='ocrx_word' id='word_1_154' title='bbox 723 3229 813 3281; x_wconf 88' lang='lat' dir='ltr'>recte</span> <span class='ocrx_word' id='word_1_155' title='bbox 837 3211 1045 3302; x_wconf 80' lang='lat' dir='ltr'>judicavisse</span> <span class='ocrx_word' id='word_1_156' title='bbox 1069 3234 1197 3281; x_wconf 88' lang='lat' dir='ltr'>censeo</span> <span class='ocrx_word' id='word_1_157' title='bbox 1226 3235 1302 3282; x_wconf 91' lang='lat' dir='ltr'>esse</span> <span class='ocrx_word' id='word_1_158' title='bbox 1327 3215 1540 3302; x_wconf 90' lang='lat' dir='ltr'>putandum.</span> 
     </span>
    </p>

    <p class='ocr_par' dir='ltr' id='par_1_7' title="bbox 315 3327 1544 4467">
     <span class='ocr_line' id='line_1_22' title="bbox 359 3327 1543 3428; baseline 0.001 -31"><span class='ocrx_word' id='word_1_159' title='bbox 359 3327 443 3428; x_wconf 73' lang='lat' dir='ltr'>Alio</span> <span class='ocrx_word' id='word_1_160' title='bbox 470 3327 561 3397; x_wconf 90' lang='lat' dir='ltr'>enim</span> <span class='ocrx_word' id='word_1_161' title='bbox 588 3328 707 3411; x_wconf 93' lang='lat' dir='ltr'>modo,</span> <span class='ocrx_word' id='word_1_162' title='bbox 733 3328 840 3397; x_wconf 89' lang='lat' dir='ltr'>verba</span> <span class='ocrx_word' id='word_1_163' title='bbox 867 3327 926 3397; x_wconf 92' lang='lat' dir='ltr'>illa</span> <span class='ocrx_word' id='word_1_164' title='bbox 941 3327 1100 3420; x_wconf 84' lang='lat' dir='ltr'>intellegi</span> <span class='ocrx_word' id='word_1_165' title='bbox 1128 3344 1281 3420; x_wconf 87' lang='lat' dir='ltr'>possunt</span> <span class='ocrx_word' id='word_1_166' title='bbox 1306 3345 1339 3397; x_wconf 90' lang='lat' dir='ltr'>et</span> <span class='ocrx_word' id='word_1_167' title='bbox 1364 3328 1543 3420; x_wconf 69' lang='lat' dir='ltr'>explicari,</span> 
     </span>
     <span class='ocr_line' id='line_1_23' title="bbox 315 3443 1544 3536; baseline -0.001 -22"><span class='ocrx_word' id='word_1_168' title='bbox 315 3467 430 3535; x_wconf 91' lang='lat' dir='ltr'>neque</span> <span class='ocrx_word' id='word_1_169' title='bbox 447 3467 528 3514; x_wconf 93' lang='lat' dir='ltr'>eum</span> <span class='ocrx_word' id='word_1_170' title='bbox 545 3444 693 3513; x_wconf 91' lang='lat' dir='ltr'>modum</span> <span class='ocrx_word' id='word_1_171' title='bbox 709 3443 878 3514; x_wconf 90' lang='lat' dir='ltr'>adhibeas</span> <span class='ocrx_word' id='word_1_172' title='bbox 889 3467 1031 3514; x_wconf 90' lang='lat' dir='ltr'>necesse</span> <span class='ocrx_word' id='word_1_173' title='bbox 1043 3463 1094 3513; x_wconf 92' lang='lat' dir='ltr'>est</span> <span class='ocrx_word' id='word_1_174' title='bbox 1107 3444 1168 3535; x_wconf 89' lang='lat' dir='ltr'>qui</span> <span class='ocrx_word' id='word_1_175' title='bbox 1179 3443 1352 3513; x_wconf 91' lang='lat' dir='ltr'>universis</span> <span class='ocrx_word' id='word_1_176' title='bbox 1364 3443 1544 3536; x_wconf 88' lang='lat' dir='ltr'>scriptori-</span> 
     </span>
     <span class='ocr_line' id='line_1_24' title="bbox 316 3559 1543 3653; baseline -0.001 -23"><span class='ocrx_word' id='word_1_177' title='bbox 316 3561 568 3653; x_wconf 89' lang='lat' dir='ltr'>busrebusque</span> <span class='ocrx_word' id='word_1_178' title='bbox 579 3564 865 3653; x_wconf 88' lang='lat' dir='ltr'>repugnat.Nam</span> <span class='ocrx_word' id='word_1_179' title='bbox 874 3561 1027 3652; x_wconf 92' lang='lat' dir='ltr'>primum</span> <span class='ocrx_word' id='word_1_180' title='bbox 1038 3559 1450 3649; x_wconf 87' lang='lat' dir='ltr'>nihilobstatquominus</span> <span class='ocrx_word' id='word_1_181' title='bbox 1460 3583 1543 3629; x_wconf 92' lang='lat' dir='ltr'>cum</span> 
     </span>
     <span class='ocr_line' id='line_1_25' title="bbox 315 3676 1542 3770; baseline 0.001 -25"><span class='ocrx_word' id='word_1_182' title='bbox 315 3676 527 3768; x_wconf 90' lang='lat' dir='ltr'>quibusdam</span> <span class='ocrx_word' id='word_1_183' title='bbox 545 3679 589 3766; x_wconf 85' lang='lat'>(1)</span> <span class='ocrx_word' id='word_1_184' title='bbox 610 3677 794 3766; x_wconf 87' lang='lat' dir='ltr'>existimes,</span> <span class='ocrx_word' id='word_1_185' title='bbox 808 3677 838 3746; x_wconf 92' lang='lat' dir='ltr'>si</span> <span class='ocrx_word' id='word_1_186' title='bbox 856 3682 1002 3770; x_wconf 90' lang='lat' dir='ltr'>placeat,</span> <span class='ocrx_word' id='word_1_187' title='bbox 1022 3701 1081 3746; x_wconf 89' lang='lat' dir='ltr'>eos</span> <span class='ocrx_word' id='word_1_188' title='bbox 1100 3677 1212 3747; x_wconf 91' lang='lat' dir='ltr'>dictos</span> <span class='ocrx_word' id='word_1_189' title='bbox 1231 3701 1304 3747; x_wconf 91' lang='lat' dir='ltr'>esse</span> <span class='ocrx_word' id='word_1_190' title='bbox 1322 3677 1396 3769; x_wconf 86' lang='lat' dir='ltr'>lege</span> <span class='ocrx_word' id='word_1_191' title='bbox 1410 3676 1542 3768; x_wconf 85' lang='lat' dir='ltr'>optima</span> 
     </span>
     <span class='ocr_line' id='line_1_26' title="bbox 316 3791 1542 3886; baseline 0 -24"><span class='ocrx_word' id='word_1_192' title='bbox 316 3811 452 3863; x_wconf 87' lang='lat' dir='ltr'>creatos</span> <span class='ocrx_word' id='word_1_193' title='bbox 468 3791 652 3863; x_wconf 88' lang='lat' dir='ltr'>dictatores</span> <span class='ocrx_word' id='word_1_194' title='bbox 666 3793 739 3883; x_wconf 90' lang='lat' dir='ltr'>qui,</span> <span class='ocrx_word' id='word_1_195' title='bbox 750 3816 833 3862; x_wconf 90' lang='lat' dir='ltr'>cum</span> <span class='ocrx_word' id='word_1_196' title='bbox 844 3793 893 3862; x_wconf 90' lang='lat' dir='ltr'>rei</span> <span class='ocrx_word' id='word_1_197' title='bbox 907 3795 1086 3886; x_wconf 86' lang='lat' dir='ltr'>gerundae</span> <span class='ocrx_word' id='word_1_198' title='bbox 1098 3811 1159 3863; x_wconf 93' lang='lat' dir='ltr'>aut</span> <span class='ocrx_word' id='word_1_199' title='bbox 1173 3792 1353 3862; x_wconf 89' lang='lat' dir='ltr'>seditionis</span> <span class='ocrx_word' id='word_1_200' title='bbox 1367 3793 1542 3862; x_wconf 89' lang='lat' dir='ltr'>sedandae</span> 
     </span>
     <span class='ocr_line' id='line_1_27' title="bbox 316 3909 1540 4002; baseline 0 -23"><span class='ocrx_word' id='word_1_201' title='bbox 316 3931 422 3979; x_wconf 91' lang='lat' dir='ltr'>causa</span> <span class='ocrx_word' id='word_1_202' title='bbox 461 3909 569 3980; x_wconf 88' lang='lat' dir='ltr'>creati</span> <span class='ocrx_word' id='word_1_203' title='bbox 608 3927 734 3996; x_wconf 88' lang='lat' dir='ltr'>essent,</span> <span class='ocrx_word' id='word_1_204' title='bbox 765 3910 926 3979; x_wconf 90' lang='lat' dir='ltr'>universa</span> <span class='ocrx_word' id='word_1_205' title='bbox 968 3912 1120 4002; x_wconf 89' lang='lat' dir='ltr'>quadam</span> <span class='ocrx_word' id='word_1_206' title='bbox 1157 3927 1334 3979; x_wconf 89' lang='lat' dir='ltr'>uterentur</span> <span class='ocrx_word' id='word_1_207' title='bbox 1362 3923 1540 3999; x_wconf 90' lang='lat' dir='ltr'>potestate,</span> 
     </span>
     <span class='ocr_line' id='line_1_28' title="bbox 316 4026 1542 4120; baseline 0.001 -25"><span class='ocrx_word' id='word_1_208' title='bbox 316 4026 424 4096; x_wconf 90' lang='lat' dir='ltr'>dictos</span> <span class='ocrx_word' id='word_1_209' title='bbox 448 4044 565 4096; x_wconf 89' lang='lat' dir='ltr'>autem</span> <span class='ocrx_word' id='word_1_210' title='bbox 581 4026 697 4096; x_wconf 84' lang='lat' dir='ltr'>¹fuisse</span> <span class='ocrx_word' id='word_1_211' title='bbox 721 4026 901 4096; x_wconf 82' lang='lat' dir='ltr'>imminuto</span> <span class='ocrx_word' id='word_1_212' title='bbox 914 4028 1017 4120; x_wconf 86' lang='lat' dir='ltr'>jure,</span> <span class='ocrx_word' id='word_1_213' title='bbox 1040 4027 1114 4119; x_wconf 89' lang='lat' dir='ltr'>qui,</span> <span class='ocrx_word' id='word_1_214' title='bbox 1136 4027 1181 4096; x_wconf 93' lang='lat' dir='ltr'>ad</span> <span class='ocrx_word' id='word_1_215' title='bbox 1201 4026 1382 4115; x_wconf 85' lang='lat' dir='ltr'>cujusdam</span> <span class='ocrx_word' id='word_1_216' title='bbox 1407 4043 1542 4096; x_wconf 89' lang='lat' dir='ltr'>tautum</span> 
     </span>
     <span class='ocr_line' id='line_1_29' title="bbox 316 4141 1540 4236; baseline 0 -24"><span class='ocrx_word' id='word_1_217' title='bbox 316 4141 455 4235; x_wconf 86' lang='lat' dir='ltr'>generis</span> <span class='ocrx_word' id='word_1_218' title='bbox 468 4160 579 4228; x_wconf 90' lang='lat' dir='ltr'>actus,</span> <span class='ocrx_word' id='word_1_219' title='bbox 599 4141 671 4212; x_wconf 88' lang='lat' dir='ltr'>sive</span> <span class='ocrx_word' id='word_1_220' title='bbox 691 4143 729 4211; x_wconf 91' lang='lat' dir='ltr'>in</span> <span class='ocrx_word' id='word_1_221' title='bbox 750 4142 903 4232; x_wconf 84' lang='lat' dir='ltr'>judiciis,</span> <span class='ocrx_word' id='word_1_222' title='bbox 919 4142 990 4212; x_wconf 91' lang='lat' dir='ltr'>sive</span> <span class='ocrx_word' id='word_1_223' title='bbox 1008 4143 1046 4211; x_wconf 90' lang='lat' dir='ltr'>in</span> <span class='ocrx_word' id='word_1_224' title='bbox 1066 4143 1229 4213; x_wconf 90' lang='lat' dir='ltr'>civilibus</span> <span class='ocrx_word' id='word_1_225' title='bbox 1244 4143 1407 4236; x_wconf 85' lang='lat' dir='ltr'>negotiis,</span> <span class='ocrx_word' id='word_1_226' title='bbox 1424 4143 1540 4229; x_wconf 90' lang='lat' dir='ltr'>creati,</span> 
     </span>
     <span class='ocr_line' id='line_1_30' title="bbox 315 4258 1540 4352; baseline 0.001 -24"><span class='ocrx_word' id='word_1_227' title='bbox 315 4258 499 4349; x_wconf 88' lang='lat' dir='ltr'>cujusdam</span> <span class='ocrx_word' id='word_1_228' title='bbox 529 4280 671 4351; x_wconf 92' lang='lat' dir='ltr'>quoque</span> <span class='ocrx_word' id='word_1_229' title='bbox 692 4258 826 4352; x_wconf 87' lang='lat' dir='ltr'>generis</span> <span class='ocrx_word' id='word_1_230' title='bbox 855 4260 1098 4329; x_wconf 91' lang='lat' dir='ltr'>tantummodo</span> <span class='ocrx_word' id='word_1_231' title='bbox 1122 4272 1333 4351; x_wconf 84' lang='lat' dir='ltr'>potestatem</span> <span class='ocrx_word' id='word_1_232' title='bbox 1361 4261 1540 4346; x_wconf 86' lang='lat' dir='ltr'>habereut,</span> 
     </span>
     <span class='ocr_line' id='line_1_31' title="bbox 315 4358 1405 4467; baseline 0.002 -24"><span class='ocrx_word' id='word_1_233' title='bbox 315 4398 384 4467; x_wconf 89' lang='lat' dir='ltr'>qua</span> <span class='ocrx_word' id='word_1_234' title='bbox 398 4358 559 4445; x_wconf 84' lang='lat' dir='ltr'>videlicet</span> <span class='ocrx_word' id='word_1_235' title='bbox 574 4376 780 4446; x_wconf 89' lang='lat' dir='ltr'>muneribus</span> <span class='ocrx_word' id='word_1_236' title='bbox 796 4375 996 4445; x_wconf 85' lang='lat' dir='ltr'>exercendis</span> <span class='ocrx_word' id='word_1_237' title='bbox 1012 4399 1110 4466; x_wconf 91' lang='lat' dir='ltr'>pares</span> <span class='ocrx_word' id='word_1_238' title='bbox 1123 4375 1357 4462; x_wconf 86' lang='lat' dir='ltr'>efficerentur(</span> <span class='ocrx_word' id='word_1_239' title='bbox 1384 4380 1405 4463; x_wconf 77' lang='lat' dir='ltr'>l.</span> 
     </span>
    </p>

    <p class='ocr_par' dir='ltr' id='par_1_8' title="bbox 350 4553 1530 4629">
     <span class='ocr_line' id='line_1_32' title="bbox 350 4553 1530 4629; baseline 0 -20"><span class='ocrx_word' id='word_1_240' title='bbox 350 4554 388 4624; x_wconf 80' lang='lat' dir='ltr'>(tl</span> <span class='ocrx_word' id='word_1_241' title='bbox 402 4556 444 4609; x_wconf 86' lang='lat' dir='ltr'>Ex</span> <span class='ocrx_word' id='word_1_242' title='bbox 459 4553 519 4610; x_wconf 90' lang='lat' dir='ltr'>illis</span> <span class='ocrx_word' id='word_1_243' title='bbox 534 4568 579 4611; x_wconf 91' lang='lat' dir='ltr'>est</span> <span class='ocrx_word' id='word_1_244' title='bbox 592 4555 751 4622; x_wconf 73' lang='lat' dir='ltr'>winusus,</span> <span class='ocrx_word' id='word_1_245' title='bbox 764 4555 806 4610; x_wconf 84' lang='lat' dir='ltr'>Le</span> <span class='ocrx_word' id='word_1_246' title='bbox 820 4555 906 4611; x_wconf 83' lang='lat' dir='ltr'>Drot&#39;t</span> <span class='ocrx_word' id='word_1_247' title='bbox 916 4554 1016 4629; x_wconf 80' lang='lat' dir='ltr'>public</span> <span class='ocrx_word' id='word_1_248' title='bbox 1028 4558 1151 4614; x_wconf 86' lang='lat' dir='ltr'>romain.</span> <span class='ocrx_word' id='word_1_249' title='bbox 1167 4555 1316 4620; x_wconf 90' lang='lat' dir='ltr'>Louvain,</span> <span class='ocrx_word' id='word_1_250' title='bbox 1337 4555 1411 4626; x_wconf 90' lang='lat'>1874</span> <span class='ocrx_word' id='word_1_251' title='bbox 1426 4572 1455 4627; x_wconf 92' lang='lat' dir='ltr'>p.</span> <span class='ocrx_word' id='word_1_252' title='bbox 1474 4571 1530 4623; x_wconf 76' lang='lat'>249</span> 
     </span>
    </p>

    <p class='ocr_par' dir='ltr' id='par_1_9' title="bbox 315 4624 1543 4914">
     <span class='ocr_line' id='line_1_33' title="bbox 351 4624 1542 4699; baseline 0 -19"><span class='ocrx_word' id='word_1_253' title='bbox 351 4627 392 4699; x_wconf 84' lang='lat'>(2)</span> <span class='ocrx_word' id='word_1_254' title='bbox 405 4625 538 4693; x_wconf 89' lang='lat' dir='ltr'>Quidam</span> <span class='ocrx_word' id='word_1_255' title='bbox 550 4624 612 4697; x_wconf 89' lang='lat' dir='ltr'>alii,</span> <span class='ocrx_word' id='word_1_256' title='bbox 627 4644 696 4681; x_wconf 91' lang='lat' dir='ltr'>cum</span> <span class='ocrx_word' id='word_1_257' title='bbox 713 4628 763 4682; x_wconf 90' lang='lat' dir='ltr'>Ma</span> <span class='ocrx_word' id='word_1_258' title='bbox 786 4645 823 4681; x_wconf 89' lang='lat' dir='ltr'>nz</span> <span class='ocrx_word' id='word_1_259' title='bbox 839 4627 945 4699; x_wconf 85' lang='lat' dir='ltr'>(Cours</span> <span class='ocrx_word' id='word_1_260' title='bbox 958 4628 992 4684; x_wconf 82' lang='lat' dir='ltr'>de</span> <span class='ocrx_word' id='word_1_261' title='bbox 1007 4627 1086 4682; x_wconf 81' lang='lat' dir='ltr'>droit</span> <span class='ocrx_word' id='word_1_262' title='bbox 1101 4627 1227 4693; x_wconf 87' lang='lat' dir='ltr'>romain,</span> <span class='ocrx_word' id='word_1_263' title='bbox 1245 4626 1412 4695; x_wconf 89' lang='lat' dir='ltr'>Bruxelles‚</span> <span class='ocrx_word' id='word_1_264' title='bbox 1429 4636 1460 4695; x_wconf 78' lang='lat'>4⁰</span> <span class='ocrx_word' id='word_1_265' title='bbox 1475 4625 1542 4681; x_wconf 77' lang='lat' dir='ltr'>edi-</span> 
     </span>
     <span class='ocr_line' id='line_1_34' title="bbox 315 4645 1543 4780; baseline -0.001 -26"><span class='ocrx_word' id='word_1_266' title='bbox 315 4697 392 4764; x_wconf 88' lang='lat' dir='ltr'>tion,</span> <span class='ocrx_word' id='word_1_267' title='bbox 417 4697 500 4778; x_wconf 68' lang='lat'>1876,</span> <span class='ocrx_word' id='word_1_268' title='bbox 516 4710 538 4778; x_wconf 79' lang='lat' dir='ltr'>t.</span> <span class='ocrx_word' id='word_1_269' title='bbox 560 4698 583 4767; x_wconf 91' lang='lat' dir='ltr'>l,</span> <span class='ocrx_word' id='word_1_270' title='bbox 607 4715 644 4778; x_wconf 38' lang='lat' dir='ltr'>p..</span> <span class='ocrx_word' id='word_1_271' title='bbox 658 4715 669 4778; x_wconf 90' lang='lat'>¹.</span> <span class='ocrx_word' id='word_1_272' title='bbox 676 4699 735 4778; x_wconf 69' lang='lat' dir='ltr'>ip.)</span> <span class='ocrx_word' id='word_1_273' title='bbox 757 4645 881 4778; x_wconf 19' lang='lat' dir='ltr'>(iptima‘</span> <span class='ocrx_word' id='word_1_274' title='bbox 895 4702 959 4774; x_wconf 80' lang='lat' dir='ltr'>lege</span> <span class='ocrx_word' id='word_1_275' title='bbox 981 4712 1116 4754; x_wconf 89' lang='lat' dir='ltr'>creatum</span> <span class='ocrx_word' id='word_1_276' title='bbox 1139 4698 1232 4780; x_wconf 79' lang='lat' dir='ltr'>fuisse</span> <span class='ocrx_word' id='word_1_277' title='bbox 1247 4697 1339 4779; x_wconf 76' lang='lat' dir='ltr'>¹illum</span> <span class='ocrx_word' id='word_1_278' title='bbox 1361 4696 1543 4779; x_wconf 81' lang='lat' dir='ltr'>dictatorem</span> 
     </span>
     <span class='ocr_line' id='line_1_35' title="bbox 315 4778 1540 4843; baseline -0.001 -19"><span class='ocrx_word' id='word_1_279' title='bbox 315 4781 433 4843; x_wconf 73' lang='lat' dir='ltr'>puiallt,</span> <span class='ocrx_word' id='word_1_280' title='bbox 451 4785 502 4840; x_wconf 83' lang='lat' dir='ltr'>qul</span> <span class='ocrx_word' id='word_1_281' title='bbox 518 4786 549 4823; x_wconf 81' lang='lat' dir='ltr'>ln</span> <span class='ocrx_word' id='word_1_282' title='bbox 567 4782 699 4824; x_wconf 86' lang='lat' dir='ltr'>comltlls</span> <span class='ocrx_word' id='word_1_283' title='bbox 722 4782 898 4826; x_wconf 77' lang='lat' dir='ltr'>centuriatis</span> <span class='ocrx_word' id='word_1_284' title='bbox 925 4783 1005 4826; x_wconf 71' lang='lat' dir='ltr'><strong>esset</strong></span> <span class='ocrx_word' id='word_1_285' title='bbox 1025 4783 1155 4836; x_wconf 67' lang='lat' dir='ltr'>creatus,</span> <span class='ocrx_word' id='word_1_286' title='bbox 1170 4778 1319 4824; x_wconf 67' lang='lat' dir='ltr'>imminuto</span> <span class='ocrx_word' id='word_1_287' title='bbox 1341 4778 1441 4822; x_wconf 71' lang='lat' dir='ltr'>aulem</span> <span class='ocrx_word' id='word_1_288' title='bbox 1462 4785 1540 4837; x_wconf 66' lang='lat' dir='ltr'>lure,</span> 
     </span>
     <span class='ocr_line' id='line_1_36' title="bbox 316 4837 1540 4914; baseline 0 -19"><span class='ocrx_word' id='word_1_289' title='bbox 316 4839 368 4912; x_wconf 91' lang='lat' dir='ltr'>qui</span> <span class='ocrx_word' id='word_1_290' title='bbox 379 4858 415 4895; x_wconf 87' lang='lat' dir='ltr'>ex</span> <span class='ocrx_word' id='word_1_291' title='bbox 429 4839 693 4895; x_wconf 83' lang='lat' dir='ltr'>senatusconsulto</span> <span class='ocrx_word' id='word_1_292' title='bbox 707 4841 805 4897; x_wconf 88' lang='lat' dir='ltr'>dictus</span> <span class='ocrx_word' id='word_1_293' title='bbox 820 4840 938 4908; x_wconf 89' lang='lat' dir='ltr'>fuisset,</span> <span class='ocrx_word' id='word_1_294' title='bbox 951 4853 1041 4914; x_wconf 88' lang='lat' dir='ltr'>atque</span> <span class='ocrx_word' id='word_1_295' title='bbox 1057 4841 1088 4896; x_wconf 90' lang='lat' dir='ltr'>in</span> <span class='ocrx_word' id='word_1_296' title='bbox 1102 4841 1160 4896; x_wconf 89' lang='lat' dir='ltr'>hoc</span> <span class='ocrx_word' id='word_1_297' title='bbox 1176 4858 1228 4896; x_wconf 92' lang='lat' dir='ltr'>eos</span> <span class='ocrx_word' id='word_1_298' title='bbox 1242 4839 1321 4895; x_wconf 90' lang='lat' dir='ltr'>inter</span> <span class='ocrx_word' id='word_1_299' title='bbox 1336 4855 1367 4893; x_wconf 89' lang='lat' dir='ltr'>se</span> <span class='ocrx_word' id='word_1_300' title='bbox 1384 4837 1540 4895; x_wconf 87' lang='lat' dir='ltr'>distulisse</span> 
     </span>
    </p>
   </div>
   <div class='ocr_carea' id='block_1_3' title="bbox 269 4908 1542 5055">
    <p class='ocr_par' dir='ltr' id='par_1_10' title="bbox 269 4908 1542 5055">
     <span class='ocr_line' id='line_1_37' title="bbox 269 4908 1542 4985; baseline 0 -19"><span class='ocrx_word' id='word_1_301' title='bbox 269 4929 272 4935; x_wconf 84' lang='grc'><strong>’</strong></span> <span class='ocrx_word' id='word_1_302' title='bbox 316 4911 399 4983; x_wconf 90' lang='lat' dir='ltr'>quod</span> <span class='ocrx_word' id='word_1_303' title='bbox 417 4910 629 4984; x_wconf 88' lang='lat' dir='ltr'>provocationi</span> <span class='ocrx_word' id='word_1_304' title='bbox 650 4912 688 4967; x_wconf 93' lang='lat' dir='ltr'>ad</span> <span class='ocrx_word' id='word_1_305' title='bbox 712 4912 860 4985; x_wconf 90' lang='lat' dir='ltr'>populum</span> <span class='ocrx_word' id='word_1_306' title='bbox 882 4913 1034 4968; x_wconf 89' lang='lat' dir='ltr'>obnoxius</span> <span class='ocrx_word' id='word_1_307' title='bbox 1057 4924 1136 4968; x_wconf 89' lang='lat' dir='ltr'>esset</span> <span class='ocrx_word' id='word_1_308' title='bbox 1158 4910 1320 4984; x_wconf 89' lang='lat' dir='ltr'>posterior,</span> <span class='ocrx_word' id='word_1_309' title='bbox 1337 4908 1421 4982; x_wconf 88' lang='lat' dir='ltr'>prior</span> <span class='ocrx_word' id='word_1_310' title='bbox 1438 4923 1542 4966; x_wconf 90' lang='lat' dir='ltr'>autem</span> 
     </span>
     <span class='ocr_line' id='line_1_38' title="bbox 316 4980 1538 5055; baseline -0.002 -17"><span class='ocrx_word' id='word_1_311' title='bbox 316 4999 378 5038; x_wconf 90' lang='lat' dir='ltr'>non</span> <span class='ocrx_word' id='word_1_312' title='bbox 394 4993 483 5038; x_wconf 86' lang='lat' dir='ltr'>esset.</span> <span class='ocrx_word' id='word_1_313' title='bbox 498 4982 537 5038; x_wconf 84' lang='lat' dir='ltr'>At</span> <span class='ocrx_word' id='word_1_314' title='bbox 552 4994 671 5055; x_wconf 90' lang='lat' dir='ltr'>praeter</span> <span class='ocrx_word' id='word_1_315' title='bbox 686 4984 769 5055; x_wconf 93' lang='lat' dir='ltr'>quod</span> <span class='ocrx_word' id='word_1_316' title='bbox 786 4984 951 5039; x_wconf 90' lang='lat' dir='ltr'>admodum</span> <span class='ocrx_word' id='word_1_317' title='bbox 967 5001 1035 5039; x_wconf 87' lang='lat' dir='ltr'>raro</span> <span class='ocrx_word' id='word_1_318' title='bbox 1050 4983 1082 5039; x_wconf 93' lang='lat' dir='ltr'>in</span> <span class='ocrx_word' id='word_1_319' title='bbox 1104 4982 1235 5039; x_wconf 88' lang='lat' dir='ltr'>comitiis</span> <span class='ocrx_word' id='word_1_320' title='bbox 1252 4980 1429 5038; x_wconf 85' lang='lat' dir='ltr'>centuriatis</span> <span class='ocrx_word' id='word_1_321' title='bbox 1444 4981 1538 5037; x_wconf 88' lang='lat' dir='ltr'>creati</span> 
     </span>
    </p>
   </div>
   <div class='ocr_carea' id='block_1_4' title="bbox 0 0 1871 6050">
    <p class='ocr_par' dir='ltr' id='par_1_11' title="bbox 0 0 1871 6050">
     <span class='ocr_line' id='line_1_39' title="bbox 0 0 1871 6050; baseline 0 0"><span class='ocrx_word' id='word_1_322' title='bbox 0 0 1871 6050; x_wconf 95' lang='lat' dir='ltr'> </span> 
     </span>
    </p>
   </div>
  </div>
 </body>
</html>
