3725 6050
866 658 1063 733 ..80-

351 837 476 907 bantur
489 851 529 904 ut
546 835 690 905 haberet
703 835 824 903 consul
841 833 925 903 satis
938 833 1101 924 praesidii
1118 835 1164 903 ad
1190 856 1242 918 ea,
1257 856 1346 925 quae
1359 834 1581 921 statuissent,

350 950 582 1044 transigenda.

396 1066 540 1157 Quibus
551 1083 591 1135 ut
604 1065 742 1135 animos
766 1057 918 1145 adderet,¹
948 1065 1004 1134 his
1030 1064 1236 1137 Ciceronem
1254 1065 1368 1135 verbis
1384 1089 1491 1135 usum
1505 1090 1583 1137 esse

351 1182 486 1252 nemini
501 1198 552 1251 est
567 1181 733 1272 ignotum
751 1202 758 1250 :
779 1208 794 1245 α
810 1180 940 1252 Omnia
960 1198 994 1249 et
1017 1180 1177 1271 praevisa
1195 1197 1228 1250 et
1250 1198 1373 1272 parata
1395 1199 1428 1251 et
1453 1182 1584 1252 consti-

348 1315 425 1369 tuta
447 1316 545 1382 sunt,
563 1319 675 1389 quum
689 1319 767 1366 mea
781 1318 919 1366 summa
938 1317 1022 1366 cura
1034 1313 1140 1386 atque
1163 1295 1359 1389 diligentia,
1370 1314 1451 1366 tum
1464 1299 1584 1367 multo

349 1414 453 1484 etiam
466 1413 598 1502 majore
611 1412 733 1504 populi
749 1410 885 1481 romani
899 1412 944 1480 ad
958 1433 1141 1513 summum
1155 1411 1340 1499 imperium
1353 1412 1583 1482 retinendum

351 1529 448 1599 etad
468 1549 676 1599 communes
694 1527 858 1597 fortunas
877 1528 1134 1596 conservandas
1153 1528 1345 1597 voluntate.
1367 1527 1504 1599 Omnes
1519 1529 1585 1598 ad-

351 1661 434 1713 sunt
457 1644 615 1712 omnium
641 1643 804 1711 ordinum
838 1642 1016 1723 homines,
1047 1642 1209 1711 omnium
1236 1642 1386 1734 denique
1405 1660 1584 1729 aetatum3

349 1766 490 1852 plenum
505 1758 702 1841 emiorum,
721 1759 822 1848 plena
832 1758 961 1848 templa
972 1756 1200 1840 circatorum,
1214 1757 1310 1848 pleni
1324 1778 1448 1827 omnes
1461 1757 1584 1828 aditus

351 1876 456 1963 hujus
469 1874 533 1943 loci
557 1896 597 1941 ac
624 1872 789 1965 templi...
815 1872 913 1961 Quid
927 1895 991 1964 ego
1006 1872 1064 1942 hic
1080 1874 1215 1964 equites
1240 1895 1404 1943 romanos
1418 1896 1586 1944 comme-

351 2011 529 2059 morem...
559 2010 688 2077 quos...
716 1987 905 2057 hodiernus
932 1988 1007 2056 dies
1027 1988 1208 2058 vobiscum
1230 2006 1338 2082 atque
1361 1989 1446 2060 ba'ec
1474 2011 1586 2059 causa

351 2104 571 2197 conjungit...
601 2104 684 2173 Pari
709 2103 826 2175 studio
854 2103 1091 2173 defendendae
1116 2103 1349 2194 reipublicae
1378 2106 1587 2175 convenisse

353 2220 452 2290 video
479 2220 640 2290 tribunos
671 2219 825 2288 aerarios
847 2218 1061 2287 fortissimos
1099 2219 1211 2300 viros,
1239 2219 1369 2290 scribas
1397 2221 1480 2289 item
1502 2219 1586 2290 uni·

350 2358 469 2407 versos
484 2360 492 2405 ε
507 2358 597 2427 quos
611 2357 725 2427 quum
737 2357 819 2404 casu
830 2333 886 2403 hic
897 2334 970 2403 dies
982 2336 1027 2404 ad
1036 2334 1209 2404 aerarium
1221 2340 1470 2427 frequentasset
1480 2336 1585 2407 video

351 2452 396 2522 ab
438 2452 693 2544 exspectatione
730 2449 833 2519 sortis
861 2450 906 2519 ad
941 2471 1164 2519 communem
1197 2452 1348 2522 salutem
1383 2474 1461 2521 esse
1494 2475 1584 2522 con-

349 2590 468 2638 versos
484 2571 527 2654 (t)
545 2595 576 2637 u.

396 2681 537 2771 Reipsa,
556 2681 617 2770 qui
634 2698 758 2770 sponte
781 2679 826 2749 ad
840 2680 1018 2749 consulem
1035 2680 1293 2751 defendendum
1308 2685 1584 2770 concurrerunt.

319 2855 321 2859 .
353 2798 376 2865 ii
387 2796 453 2865 soli
475 2795 708 2884 impedierunt
728 2794 812 2885 quin
824 2795 870 2864 ab
894 2795 1048 2865 inimicis
1070 2796 1296 2867 occideretur.
1322 2801 1448 2888 Neque
1477 2800 1584 2889 pauci

353 2928 475 2981 erant:
504 2938 520 2972 «
547 2909 643 2981 Cum
665 2909 760 2979 enim
782 2909 853 2981 ibat
882 2933 948 3001 per
977 2912 1115 2997 urbem,
1145 2912 1257 3003 inquit
1275 2914 1502 2997 Plutarchus,
1531 2932 1585 2984 tot

353 3029 444 3099 cives
457 3048 537 3096 eum
550 3024 814 3097 circumdabant
829 3044 868 3096 ut
882 3049 1005 3096 eorum
1018 3029 1249 3099 multitudine
1260 3029 1377 3099 sorum
1391 3052 1504 3121 paene
1531 3053 1585 3101 re-

337 3127 504 3236 pleretur
516 3146 558 3230 (2)
577 3172 606 3210 ».

355 3269 357 3275 ’
397 3258 616 3328 Praesidium
627 3258 771 3347 quidem
785 3258 977 3348 optimum,
989 3260 1048 3328 sed
1062 3258 1212 3329 minime
1228 3277 1375 3344 certum,
1393 3282 1477 3330 cum
1494 3261 1585 3332 nihil

351 3392 437 3447 esset
451 3396 521 3463 quo
535 3373 682 3442 civesilli
694 3395 876 3443 accurrere
886 3377 1112 3466 cogerentur!

398 3488 503 3560 Unde
518 3489 630 3579 liquet
644 3510 751 3578 quam
764 3489 960 3579 periculosa
975 3512 1027 3557 res
1040 3505 1134 3559 esset
1147 3490 1287 3560 senatui
1302 3491 1522 3579 consulique,
1533 3510 1583 3562 ut·

352 3623 431 3695 pote
443 3604 515 3693 qui,
527 3626 605 3671 cum
616 3602 1106 3693 tamnefandaeconjurationi
1118 3606 1586 3678 tammultifaverentesset-

352 3743 418 3810 que
434 3719 536 3808 quasi
547 3736 692 3808 paratus
708 3719 894 3798 exercitus,
913 3742 1027 3810 neque
1048 3720 1254 3790 auctoritate
1268 3723 1388 3814 legum
1399 3723 1469 3812 jam
1484 3746 1586 3792 ener-

351 3855 430 3903 vata
443 3857 551 3924 neque
565 3833 739 3902 militibus
756 3834 806 3904 uti
823 3851 982 3924 possent,
1004 3852 1043 3903 ut
1059 3858 1096 3903 se
1111 3853 1218 3928 atque
1238 3838 1493 3928 rempublicam
1507 3857 1586 3908 tue·

352 3965 482 4019 rentur.
503 3952 586 4020 Una
609 3949 764 4018 eratillis
794 3951 900 4032 salus,
930 3950 959 4017 si
978 3968 1145 4041 quaerat,
1169 3973 1317 4022 nervose
1331 3970 1364 4022 et
1386 3953 1462 4022 sine
1481 3977 1584 4025 mora

329 4159 331 4162 y
354 4065 537 4133 decernere
551 4080 585 4132 et
597 4066 693 4153 quod
708 4065 881 4134 decretum
895 4083 983 4133 esset
997 4066 1149 4157 exsequi.
1190 4109 1192 4114 ι

387 4314 412 4381 (1
444 4311 720 4384 iuuaturn,‚vn.
816 4288 818 4291 ’

390 4387 416 4457 (2
446 4383 635 4458 Paur.‚Cic.,
653 4384 696 4443 16.
