3725 6050
322 906 448 997 ingenii
465 924 599 995 septus,
617 907 724 976 nullis
749 927 907 999 parceret
933 909 1171 995 contumeliis,
1197 908 1245 977 ita
1269 909 1377 979 etiam
1407 927 1444 977 ut
1474 910 1553 979 luto

324 1021 578 1113 lapidibusque,
589 1022 640 1091 vir
654 1023 848 1092 consularis
864 1026 1102 1093 lacesseretur.

369 1138 470 1228 Huic,
481 1156 597 1207 autem
609 1141 704 1229 pulla
718 1160 797 1230 toga
812 1157 895 1222 erat,
913 1140 1098 1231 capillique
1110 1140 1218 1231 passi,
1228 1158 1335 1230 atque
1347 1163 1427 1208 eum
1443 1142 1552 1210 comi-

322 1254 498 1338 tabantur,
509 1256 634 1325 eadem
647 1273 744 1324 veste
759 1256 1106 1347 eodemquecapillo,
1123 1256 1279 1347 amplius
1301 1256 1422 1349 viginti
1447 1257 1553 1325 milli-

322 1370 389 1439 bus
404 1371 581 1456 juvenum.
598 1370 694 1442 Cum
707 1394 804 1456 vero,
813 1389 938 1440 coacto
954 1389 1089 1456 senatu,
1101 1375 1281 1442 decretum
1294 1371 1405 1441 facere
1417 1374 1552 1442 vellent

322 1487 461 1572 Patres,
473 1510 546 1579 quo
562 1489 719 1578 populus
729 1488 818 1577 ipse,
834 1487 936 1577 quasi
959 1487 1124 1578 publicus
1149 1488 1295 1578 quidam
1314 1490 1432 1558 luctus
1449 1506 1551 1575 esset,

322 1620 452 1672 vestem
482 1621 621 1673 mutare
659 1604 848 1692 juberetur,
882 1603 1099 1672 obstiterunt
1130 1605 1304 1687 consules,
1330 1604 1550 1694 Clodiusque

320 1720 473 1788 accurrit
486 1727 591 1810 alque
607 1721 738 1802 locum,
752 1719 812 1788 ubi
825 1722 950 1788 Patres
965 1736 1076 1806 erant,
1088 1742 1170 1788 cum
1183 1718 1381 1788 hominibus
1400 1721 1550 1789 armatis

321 1832 560 1904 circumsedit.
603 1835 687 1926 Quo
722 1834 808 1918 viso,
838 1835 1009 1925 perterriti
1042 1834 1199 1926 plerique
1228 1853 1431 1905 senatorum
1466 1859 1551 1905 cum

320 1951 457 2040 magnis
505 1949 720 2019 clamoribus
758 1949 897 2019 curiam
946 1950 1230 2043 egrediebantur,
1282 1967 1401 2042 togam
1461 1954 1550 2020 lace·

322 2073 513 2150 rantesqil.

367 2181 406 2250 ln
426 2182 481 2251 liis
502 2185 646 2252 demum
660 2184 811 2253 turbatis
830 2182 948 2265 rebus,
974 2204 1056 2250 cum
1069 2182 1222 2251 violento
1242 2181 1397 2273 quodam
1413 2182 1550 2272 impetu

318 2298 436 2368 omniu
453 2299 614 2369 misceret
629 2300 775 2370 Clodius
799 2299 1010 2391 plebemque
1034 2320 1178 2366 omnem
1203 2298 1304 2388 quasi
1323 2300 1358 2365 in
1373 2316 1549 2388 potestate

320 2413 474 2498 baberet,
499 2436 684 2486 accusatus
707 2417 773 2485 luit
795 2415 934 2484 Tullius
964 2415 1008 2483 ab
1033 2437 1073 2482 eo
1099 2431 1206 2505 atque
1232 2416 1431 2483 damnatus
1456 2415 1550 2483 Vicit

318 2532 453 2612 odium.
478 2532 637 2612 audacia,
663 2533 735 2615 t·is;
761 2555 831 2600 non
863 2532 1017 2598 vicerunt
1043 2531 1147 2620 leges,
1170 2531 1212 2598 de
1239 2530 1371 2621 quibus
1398 2530 1550 2621 quidem

319 2667 453 2720 eertum
468 2668 518 2720 est
538 2648 623 2716 uiltil
640 2649 747 2716 istum
764 2646 952 2715 laborasse.

367 2765 466 2836 llices
483 2766 597 2834 sorte:
622 2793 636 2827 a
654 2764 691 2835 Si
712 2762 833 2853 populi
851 2761 981 2851 judicia
1003 2762 1067 2830 sibi
1089 2762 1193 2851 culpa
1215 2762 1349 2830 vacanti
1374 2784 1447 2830 non
1472 2786 1549 2832 esse

318 2879 591 2974 pertimescenda
612 2880 845 2949 arbitrabatur
859 2878 998 2960 Cicero,
1017 2878 1077 2968 qui
1100 2857 1232 2946 factum
1253 2895 1303 2945 est
1325 2895 1500 2967 utsponte
1528 2903 1548 2948 a

319 2999 429 3094 putria
445 2999 575 3071 exiret?
592 3026 608 3059 a

363 3118 453 3188 nudi
477 3118 590 3209 ipsum
614 3113 648 3183 in
669 3113 862 3183 Miloniana
883 3110 1042 3179 oratione
1067 3110 1336 3200 respondentem
1358 3133 1408 3194 se,
1432 3134 1547 3202 quum

319 3234 400 3306 urbe
417 3236 568 3309 eederet.
587 3254 657 3300 non
679 3229 849 3312 iudicium
863 3225 1034 3310 timuisse,
1053 3226 1116 3294 sed
1132 3248 1265 3308 servos,
1281 3227 1343 3294 sed
1354 3248 1467 3311 arma,
1484 3228 1548 3295 sed

317 3353 459 3437 vinno.

364 3472 412 3539 lle
430 3492 521 3542 retu.
539 3480 729 3555 postquam
750 3483 770 3528 a
788 3458 960 3548 Pompeio
975 3458 1119 3547 petierat
1140 3475 1179 3526 ut
1193 3479 1231 3524 se
1253 3456 1298 3525 ab
1319 3456 1470 3525 inimicis
1485 3459 1548 3527 de-

316 3588 481 3660 l'euderet.
506 3596 757 3674 deputeturque
771 3599 807 3645 se
829 3575 1001 3643 facturum
1024 3573 1224 3664 Pompeius,
1242 3575 1405 3642 Pisonem
1420 3595 1547 3641 consu-

318 3708 383 3775 lein
408 3702 505 3773 mliit.
535 3714 655 3789 utpote
677 3693 739 3785 qui
769 3692 802 3760 in
835 3714 871 3759 se
901 3691 1017 3758 minus
1041 3711 1146 3780 quam
1170 3688 1295 3757 consul
1317 3689 1404 3757 alter
1428 3707 1544 3757 mente

317 3820 428 3891 alienu
460 3831 624 3885 uteretur.
656 3811 738 3881 Piso
765 3825 880 3878 autem
914 3805 1024 3874 suasit
1050 3805 1100 3872 illi
1129 3821 1168 3872 ut
1196 3804 1328 3872 furenti
1355 3803 1480 3908 Clodio
1508 3804 1544 3872 in

319 3954 457 4025 tempne-
475 3932 630 4011 eederet,
647 3948 801 4018 cumque
816 3945 978 4015 praesens
991 3923 1107 3988 locum
1122 3918 1270 3988 inimicis
1288 3919 1398 4004 daret,
1412 3942 1543 4010 quam-

316 4058 366 4123 vie
396 4056 535 4123 unitus.
568 4040 835 4133 llempublicam
857 4036 1057 4108 adducendi
1079 4034 1288 4132 gravissima
1312 4033 1348 4102 in
1373 4034 1542 4129 pericula,

314 4168 474 4239 tnetnnln
497 4162 645 4253 putrium
669 4159 790 4229 denno
813 4157 947 4224 salvam
972 4152 1115 4229 facerem
1139 4151 1174 4218 in
1197 4172 1268 4239 quo
1288 4171 1413 4219 omnes
1441 4151 1544 4220 amici

312 4292 399 4377 qne,
419 4296 561 4371 euepto
580 4302 648 4347 uno
671 4275 829 4354 Lucullo,
846 4284 1110 4340 consenserunt.

356 4406 450 4473 'l'nm
477 4420 561 4487 erpo
580 4394 726 4487 pedibus
749 4390 833 4467 iens,
857 4409 938 4455 eum
960 4384 1177 4474 quibusdam
1200 4403 1340 4450 suorum
1364 4381 1409 4448 ad
1427 4384 1543 4450 Luca·

314 4526 406 4589 nium
427 4518 601 4609 qiltt'l't'illb
616 4527 680 4585 Usi.
701 4524 735 4575 lll
753 4504 906 4579 Siciliam
923 4501 1005 4570 inde
1019 4516 1161 4592 petelet.

347 4814 368 4863 ll
380 4838 386 4875 7
408 4808 438 4861 l'r
452 4820 590 4871 orttwtt.⁸
608 4798 720 4865 lliceru,
738 4790 843 4849 xxxi.

345 4876 384 4947 (η
404 4882 460 4935 lto·
478 4874 555 4937 llll..
573 4870 650 4929 th.
