3725 6050
813 817 1013 890 ...55-

301 1014 355 1062 tes
380 1013 482 1060 secus
512 982 733 1072 se'haberet,
763 991 901 1061 etiamsi
928 992 1121 1062 Lentulum
1149 993 1306 1085 aliosque
1333 995 1528 1081 occidisset,

302 1107 498 1176 timendum
526 1106 579 1176 illi
606 1124 750 1176 eratne
776 1129 911 1198 semper
937 1105 1134 1198 coniuratio
1161 1109 1304 1200 vigeret,
1329 1108 1531 1203 magnaque

304 1245 380 1314 spes
393 1222 567 1293 Catilinae
581 1219 842 1313 relinqueretur.
855 1223 974 1292 Testis
985 1240 1035 1293 est
1048 1223 1144 1293 enim
1157 1225 1344 1294 Sallustius
1358 1226 1532 1318 populum

305 1336 477 1414 Catilinae
490 1338 644 1429 primum
656 1338 808 1430 ejusque
825 1338 988 1429 partibus
1001 1338 1139 1409 favisse.

350 1450 471 1544 ltaque
492 1454 559 1523 hoc
583 1452 649 1523 fuit
675 1454 710 1522 in
735 1453 862 1543 primis
889 1454 1022 1524 consuli
1054 1454 1247 1524 consilium
1272 1473 1310 1525 ut
1331 1479 1351 1524 a
1375 1455 1535 1525 nefandis

306 1569 515 1639 hominibus
529 1570 703 1661 populum
714 1569 868 1639 alienum
881 1569 1044 1648 efficeret;
1066 1593 1177 1660 neque
1193 1570 1261 1640 alia
1281 1588 1332 1639 est
1346 1593 1452 1640 causa
1473 1592 1536 1639 cur

308 1708 383 1755 rem
392 1698 502 1754 totam
517 1685 561 1753 ad
585 1687 706 1755 Patres
727 1675 952 1755 revocaverit.
971 1686 1078 1754 Pone
1103 1685 1200 1753 enirn
1225 1684 1327 1756 illum
1344 1681 1536 1776 solum'pro

255 1866 262 1873 .
308 1802 383 1891 jure
410 1823 476 1870 suo
500 1799 544 1869 de
558 1823 593 1872 re
620 1791 831 1893 cognovisse
844 1818 879 1869 et
895 1799 1097 1888 judicasse:
1129 1801 1317 1872 clamitare
1342 1801 1537 1893 coepissent

308 1915 929 1986 damnatorumamicieosaconsule
940 1917 1028 1985 clam
1041 1915 1153 1985 fuisse
1164 1917 1536 2008 damnatos,quamvis

309 2050 422 2102 essent
443 2031 779 2111 criminerinsontes,
805 2054 915 2122 eoque
939 2031 1015 2122 ipso
1038 2032 1149 2125 magis
1173 2032 1278 2103 etiam
1303 2027 1411 2122 quam
1436 2050 1538 2103 antea

309 2170 434 2217 causae
455 2169 589 2232 corum,
607 2169 673 2237 pro
695 2169 763 2236 qua
785 2147 900 2216 necati
921 2146 1046 2236 injuria
1068 2164 1198 2233 essent,
1212 2147 1355 2217 favisset
1373 2148 1536 2238 populus,

308 2264 518 2355 graviusque
533 2263 601 2351 jam
624 2262 845 2334 dissensisset
862 2263 981 2334 abillo
1001 2263 1143 2332 consule
1158 2262 1292 2352 illisque
1311 2262 1539 2354 optimatibus

310 2378 382 2470 qui,
398 2378 481 2449 odio
497 2400 536 2448 ac
549 2374 715 2463 factione,
732 2378 894 2448 homines
918 2402 938 2447 a
959 2380 1062 2469 culpa
1080 2395 1246 2447 vacantes
1260 2380 1448 2450 interficere
1463 2364 1538 2449 non

306 2494 544 2566 dubitassent.
1524 2512 1525 2516 ’

357 2612 447 2680 Rem
467 2609 588 2703 igitur,
613 2631 694 2679 cum
717 2609 914 2699 adjudices
937 2608 1137 2679 ordinarios
1154 2630 1229 2679 non
1251 2626 1339 2679 esset
1356 2609 1541 2700 rejicienda

312 2766 352 2778 -
373 2727 469 2816 quod
494 2725 586 2795 infra
603 2724 800 2795 videbimus
819 2764 862 2778 -
882 2727 928 2795 ad
951 2726 1071 2795 Patres
1093 2723 1223 2816 retulit,
1239 2740 1277 2798 ut
1297 2725 1542 2816 praesentibus

313 2841 445 2922 multis,
465 2839 621 2912 tribunis
635 2840 747 2910 etiam
761 2840 872 2933 plebis
884 2839 1157 2931 hominibusque
1168 2840 1407 2931 popularibus,
1423 2841 1541 2933 palam

288 2973 579 3049 cognosceretur
593 2973 698 3049 atque
710 2956 936 3047 judicaretur.
1487 2955 1488 2959 ’
1528 2975 1530 2980 ·

359 3072 482 3163 Quid‘l
509 3075 637 3144 Nonne
663 3073 856 3164 legentium
884 3073 992 3143 menti
1019 3073 1172 3143 occurrit
1200 3066 1391 3165 quomodo,
1418 3072 1543 3165 legatis

313 3188 548 3280 Allobrogum
562 3188 829 3279 comprehensis,
845 3205 1007 3258 senatum
1021 3189 1168 3280 coegerit
1184 3206 1234 3270 ut,
1243 3187 1383 3256 tabellis
1394 3187 1541 3277 prolatis

314 3315 419 3395 atque
445 3303 607 3386 recitatis,
635 3303 765 3373 indicia
791 3304 989 3388 ederentur,
1016 3304 1246 3391 omniumque
1269 3302 1382 3371 oculis
1407 3319 1542 3393 pateret

315 3441 419 3508 quam
446 3419 834 3509 scelesta2nefandaque
858 3420 1031 3509 conjurati
1050 3419 1314 3489 meditarentur.
1340 3419 1391 3487 De
1413 3417 1543 3508 quibus

315 3533 493 3620 omnibus,
509 3533 621 3604 misso
645 3551 783 3621 senatu,
798 3536 975 3626 populum
996 3535 1176 3604 certiorem
1199 3534 1308 3603 facere
1330 3532 1402 3624 ipse
1420 3533 1542 3602 voluit.

314 3648 415 3718 Adde
437 3649 533 3741 quod
547 3667 720 3720 senatores
740 3640 983 3737 constituerat,
1001 3652 1046 3720 ad
1067 3673 1108 3720 ea
1122 3673 1212 3741 quae
1229 3650 1429 3720 dicerentur
1444 3648 1542 3719 iacil-
1612 3736 1616 3744 .

316 3763 398 3834 lime
413 3766 658 3855 persequenda
674 3766 925 3836 consuetudine
946 3784 978 3836 et
997 3766 1172 3836 celeritate
1192 3760 1367 3836 scribendi
1386 3765 1540 3845 idoneor,

315 3880 377 3970 qui
397 3879 515 3949 omnia
535 3880 696 3950 indicum
722 3882 830 3965 dicta,
846 3881 1068 3973 interrogata,
1087 3868 1261 3971 responsa
1274 3877 1542 3970 perscriberent.

318 3994 422 4084 Quae
435 4010 570 4076 cuncta,
588 4019 629 4065 eo
645 3996 751 4065 modo
767 3997 972 4089 perscripta,
990 3996 1126 4065 curavit
1146 4014 1185 4065 ut
1198 4018 1260 4086 per
1273 4011 1382 4064 totam
1405 3995 1542 4065 ltaliam

318 4109 598 4202 divulgarentur(
625 4117 646 4200 l.
1524 4181 1526 4185 .

358 4224 456 4295 Audi
474 4228 663 4317 quemdam
680 4251 718 4297 ex
736 4228 862 4297 nostris
876 4228 1074 4297 dicentem:
1096 4255 1113 4292 «
1129 4228 1188 4298 On
1203 4228 1399 4319 comprend
1415 4229 1434 4295 i
1452 4250 1542 4297 mer·

313 4340 415 4410 veille
441 4364 509 4433 que
533 4340 696 4431 Ciceron,
717 4366 808 4435 pour
832 4345 964 4413 donner
990 4350 1010 4412 a
1040 4344 1278 4414 l'instruction
1304 4342 1483 4432 judiciaire
1510 4344 1543 4411 la

314 4455 482 4547 publicite
499 4457 532 4526 la
551 4458 630 4547 plus
642 4459 882 4529 retentissante
895 4460 946 4529 ait
964 4460 1037 4551 pris
1049 4482 1086 4528 ce
1100 4460 1205 4550 parti.
1225 4487 1240 4524 »
1261 4458 1406 4548 Optime
1427 4447 1543 4526 hacte-

332 4652 390 4733 ·(r)
406 4651 453 4708 Cf.
470 4669 570 4734 supra²
584 4671 613 4735 p.
632 4672 677 4726 10,
693 4668 722 4711 et
739 4656 801 4713 Pro
814 4655 910 4738 Sylla²
930 4674 976 4726 ¹4·
993 4689 1026 4698 -
1042 4657 1110 4712 Hoc
1125 4656 1182 4712 fuit
1196 4658 1233 4711 ab
1248 4655 1337 4710 initio
1352 4652 1454 4708 Tullio
1470 4670 1542 4708 con-

315 4722 418 4779 srlrum
439 4737 472 4779 ut
502 4725 667 4780 Catrlrnam
693 4728 821 4799 ejusque
846 4744 948 4783 socios
972 4745 1041 4783 vere
1068 4727 1286 4800 conjuravisse,
1317 4725 1488 4796 caedesque
1512 4735 1543 4781 et

315 4793 456 4850 incendia
479 4811 545 4851 esse
565 4795 730 4854 meditatos
749 4798 879 4871 populus
900 4816 1079 4872 persuasum
1101 4799 1237 4858 haberet.
1258 4797 1387 4851 Dicebat
1407 4796 1489 4850 enim
1510 4795 1542 4852 in

313 4865 348 4922 11
360 4863 534 4923 Catilinaria
549 4867 614 4938 (IV)
633 4884 639 4924 :
661 4890 675 4920 «
693 4869 783 4936 Quod
799 4870 952 4943 cooptavi‚
968 4870 1030 4944 jam
1047 4887 1116 4926 sum
1131 4881 1298 4935 assecutus,
1317 4880 1351 4922 ut
1366 4884 1420 4922 vos
1436 4881 1544 4923 omnes

313 4935 426 4993 factam
441 4953 507 4993 esse
523 4950 627 5011 aperte
645 4940 888 5012 conjurationem
903 4954 1011 4998 contra
1026 4940 1246 5014 rempublicam
1262 4939 1417 4998 videretis,
1432 4958 1446 4990 u

1384 5037 1397 5092 5
