3725 6050
360 1018 487 1087 Paucis
513 1035 591 1108 post
625 1018 762 1098 diebus,
783 1035 923 1087 senatus
949 1018 1137 1089 Catilinam
1168 1035 1200 1087 et
1228 1018 1395 1087 Mallium
1427 1019 1545 1087 hostes

314 1134 492 1223 judicavit,
507 1151 614 1225 atque
640 1150 763 1202 contra
787 1156 847 1202 eos
863 1134 1058 1204 exercitum
1072 1134 1198 1204 ducere
1219 1134 1402 1203 Antonius
1422 1134 1544 1203 consul

314 1252 433 1339 jussus
447 1267 510 1328 est,
522 1250 607 1318 dum
624 1251 759 1318 Rornae
773 1248 895 1320 Cicero
909 1249 1051 1340 publice
1064 1250 1275 1340 provideret.

361 1367 476 1434 Roma
502 1365 595 1433 enim
624 1364 661 1432 in
691 1364 745 1433 via
769 1365 951 1455 praecipiti
975 1382 1009 1434 et
1035 1365 1168 1434 lubrica
1192 1365 1411 1434 versabatur.
1448 1368 1544 1435 Nam

314 1480 542 1570 proficiscens
579 1480 735 1551 Catilina
772 1480 963 1569 conjuratis
999 1482 1226 1550 mandaverat
1263 1504 1348 1571 opes
1383 1480 1543 1549 factionis

313 1596 576 1679 confirmarent,
598 1595 743 1663 insidias
768 1597 905 1664 consuli
929 1612 1164 1681 maturarent,
1189 1596 1349 1677 caedem,
1373 1594 1542 1681 incendia,

315 1710 453 1801 aliaque
484 1711 564 1781 belli
589 1711 745 1780 facinora
772 1729 955 1801 pararent;
982 1712 1051 1779 illis
1075 1734 1158 1779 vero
1188 1734 1228 1779 ea
1258 1734 1358 1781 mens
1385 1728 1472 1795 erat,
1504 1726 1544 1778 ut

317 1825 488 1894 mandata
504 1848 613 1919 quam
629 1827 900 1917 diligentissime
913 1828 1096 1896 efficerent.

360 1943 487 2032 ltaque
507 1942 761 2011 constituerant
785 1961 840 2027 ut,
863 1965 971 2034 quam
996 1943 1153 2033 primum
1179 1942 1420 2034 cognovissent
1444 1941 1543 2012 Cati·

314 2058 421 2124 linam
441 2061 641 2148 pervenisse
657 2060 686 2126 F
688 2059 813 2145 esulas,
830 2059 1001 2127 Lentulus
1016 2076 1050 2127 et
1067 2057 1254 2149 Cethegus,
1270 2058 1350 2125 sicis
1367 2058 1434 2124 sub
1450 2075 1545 2125 veste

314 2172 452 2255 armati,
482 2171 574 2241 fores
611 2173 789 2244 Ciceronis
819 2196 965 2242 summo
999 2196 1102 2243 mane
1137 2190 1304 2263 peterent,
1337 2189 1371 2241 et
1400 2188 1545 2263 propter

314 2288 522 2379 dignitatem
541 2288 639 2356 facile
660 2289 819 2369 admissi,
842 2290 959 2358 nescio
982 2289 1069 2380 quid
1088 2311 1171 2357 cum
1193 2311 1234 2356 eo
1259 2287 1545 2376 colloquerentur

315 2402 350 2470 in
371 2403 558 2487 vestibulo,
576 2426 731 2493 eumque
747 2405 883 2495 longius
902 2427 922 2472 a
944 2405 1014 2472 suis
1035 2404 1217 2473 seductum
1237 2403 1464 2473 confoderent
1478 2404 1541 2490 li);

315 2518 433 2586 statim
454 2541 551 2603 vero,
571 2536 765 2610 postquam
780 2520 911 2600 Bestia,
928 2520 1092 2590 tribunus
1114 2520 1238 2609 plebis,
1257 2519 1352 2609 apud
1372 2520 1543 2607 populum

314 2652 511 2720 accusasset
539 2634 755 2719 Ciceronem,
786 2635 966 2703 hominem
999 2654 1128 2704 natura
1159 2635 1339 2718 timidum,
1368 2633 1543 2703 civitatem

312 2766 441 2816 temere
464 2749 695 2837 perturbasse,
721 2769 821 2818 nocte
848 2750 907 2818 alii
938 2750 1075 2820 Urbem
1105 2751 1293 2818 duodecim
1321 2749 1405 2816 locis
1432 2750 1543 2816 incen-

314 2863 451 2949 derent,
476 2864 681 2954 rapinisque
706 2882 740 2934 et
768 2866 893 2955 optimi
924 2866 1095 2957 cujusque
1124 2865 1207 2934 civis
1235 2865 1398 2933 caedibus
1428 2864 1544 2932 omnia

314 2978 459 3047 miscere
475 2979 665 3070 inciperent
682 2984 690 3070 l
716 2984 739 3068 l.

358 3101 406 3164 At
420 3096 526 3185 paulo
543 3114 622 3185 post
637 3096 782 3165 consilia
801 3097 992 3164 mutavisse
1007 3097 1183 3165 videntur.
1203 3099 1312 3181 Nam,
1327 3118 1440 3185 quum
1454 3095 1544 3163 circa

316 3210 496 3279 Kalendas
521 3211 723 3280 decembres
736 3211 780 3280 ad
797 3214 946 3279 Laecam
957 3235 992 3280 se
1000 3212 1238 3292 contulissent,
1253 3212 1361 3279 invito
1373 3211 1542 3301 Cethego,

314 3324 373 3393 cui
396 3326 431 3392 id
459 3326 605 3418 longum
646 3327 855 3410 habebatur,
897 3349 969 3396 rem
995 3325 1244 3398 Saturnalibus
1285 3345 1425 3395 tantum
1465 3326 1541 3393 lieri

314 3442 437 3529 majori
460 3443 551 3532 parti
575 3442 723 3532 placuit3
746 3465 863 3535 neque
893 3444 987 3511 enim
1014 3444 1111 3511 aliud
1138 3466 1213 3511 esse
1235 3442 1405 3533 putabant
1433 3441 1543 3532 magis

315 3556 478 3625 idoneum
495 3574 635 3647 tempus
650 3559 706 3646 (3).

359 3672 494 3743 Consul
517 3696 601 3742 vero
621 3697 692 3743 non
715 3675 931 3743 mediocrem
949 3674 1135 3744 adhibebat
1157 3674 1383 3766 vigilantiam.
1401 3672 1544 3741 Dixerat
1603 3711 1605 3715 ·

314 3786 384 3876 jam
402 3786 577 3858 Catilinae
597 3790 633 3857 in
651 3804 788 3877 senatu,
805 3792 860 3859 die
882 3791 1050 3882 vigesima
1064 3790 1179 3880 prima
1200 3789 1366 3860 Octobris
1384 3810 1391 3856 :
1414 3817 1430 3849 (ι
1448 3788 1543 3856 Mul-

313 3921 428 3971 torum
453 3921 486 3973 te
515 3905 621 3973 etiam
651 3907 744 3974 oculi
772 3924 803 3974 et
834 3929 934 3974 aures
962 3929 1035 3973 non
1067 3905 1289 3986 sentientem,
1320 3905 1407 3972 sicut
1431 3905 1544 3972 adhuc

313 4017 481 4098 lecerunt,
509 4022 781 4110 speculabuntur
807 4038 913 4110 atque
943 4021 1184 4090 custodient...
1207 4022 1335 4088 teneris
1365 4019 1542 4108 undique;

315 4133 391 4202 luce
412 4151 495 4203 sunt
509 4136 656 4204 clariora
673 4137 772 4205 nobis
787 4155 847 4205 tua
861 4137 1007 4205 consilia
1024 4137 1148 4204 omnia
1162 4141 1218 4224 (4).
1238 4164 1253 4200 n
1272 4143 1389 4226 Atque
1405 4136 1439 4202 id
1454 4135 1543 4203 falso

315 4270 386 4317 non
401 4249 533 4318 dictum
547 4273 625 4319 esse
639 4273 692 4318 res
707 4252 963 4341 comprobavit.

357 4363 513 4452 Quidam
549 4366 644 4434 enim
683 4367 786 4458 legati
821 4369 1064 4458 Allobrogum,
1097 4368 1158 4457 qui
1192 4367 1418 4458 magistratus
1458 4389 1545 4433 suos

348 4597 535 4669 (1)Nonita
556 4597 632 4654 illud
653 4598 806 4672 discrepat
826 4600 863 4655 ab
885 4618 921 4655 eo
944 4601 1026 4672 quod
1045 4613 1195 4656 tentatum
1216 4617 1282 4655 esse
1305 4613 1374 4655 anre
1394 4598 1544 4653 Catilinae

314 4666 416 4793 fugaqq
434 4668 501 4794 [iam
524 4670 627 4740 retuli,
646 4683 680 4726 ut
705 4671 785 4727 idem
807 4689 870 4727 non
895 4688 972 4742 esse,
997 4671 1120 4727 mutatis
1143 4684 1261 4727 tantum
1283 4671 1544 4738 nominibus‚cer·

315 4751 379 4794 tum
415 4756 431 4794 a
456 4755 517 4794 eas.

350 4809 391 4879 (2)
405 4811 490 4879 Aer,
505 4810 551 4866 De
564 4809 630 4872 bell.
647 4811 718 4884 civ,
736 4814 773 4884 ll,
790 4812 816 4869 3.

350 4881 378 4952 (3
407 4881 457 4937 III
468 4881 542 4946 Cat,
560 4882 678 4952 lV,v11.

349 4955 379 5022 (4
407 4952 566 5023 leat.,11‚
583 4971 626 5010 111.
