3725 6050
826 878 1025 949 ..51-

358 1049 513 1143 Colligas
527 1050 631 1144 igitur
639 1073 775 1121 necesse
787 1067 839 1121 est
848 1051 1052 1122 Ciceronem
1068 1051 1215 1121 minime
1226 1050 1435 1121 dubitavisse
1449 1051 1536 1148 quin

313 1166 355 1235 de
370 1166 563 1256 conjuratis
581 1190 761 1238 summum
777 1189 912 1237 sumere
927 1167 1141 1259 supplicium
1151 1168 1286 1236 senatui
1304 1166 1441 1259 ipsique
1456 1166 1540 1237 lice-

314 1300 377 1353 ret.
396 1285 519 1373 Neque
554 1284 652 1353 aliter
681 1283 810 1353 sentire
834 1285 1033 1352 Mommsen
1051 1284 1165 1373 ipsum
1189 1307 1230 1352 ex
1255 1284 1309 1352 his
1331 1284 1403 1373 ejus
1426 1284 1541 1352 verbis

312 1415 475 1489 apparet:
494 1426 510 1462 a
526 1400 555 1468 Il
569 1400 658 1468 n'est
671 1421 734 1490 pas
748 1398 883 1491 permis
894 1399 937 1468 de
948 1400 1074 1468 douter
1084 1422 1165 1490 que,
1178 1400 1269 1467 dans
1281 1422 1319 1467 sa
1331 1398 1537 1481 conviction,

315 1515 346 1584 le
361 1515 480 1584 consul
502 1531 534 1584 et
553 1516 584 1585 le
607 1513 717 1587 Senat
741 1515 931 1606 pouvaient
956 1515 1161 1606 legalement
1186 1515 1261 1607 agir
1285 1536 1421 1584 comme
1441 1513 1483 1583 ils
1510 1515 1540 1583 le

315 1631 415 1700 firent
433 1631 493 1720 (1).
511 1658 526 1696 n

361 1746 528 1820 Ceterum
551 1746 674 1838 legenti
699 1729 786 1833 eam,
805 1770 894 1840 quae
910 1747 1022 1838 prima
1043 1746 1248 1819 Catilinaria
1264 1745 1400 1832 dicitur,
1414 1746 1543 1815 oratio·

318 1884 413 1946 nem,
428 1863 568 1931 nullum
581 1879 635 1931 est
649 1862 794 1933 dubium
806 1863 888 1954 quin
901 1886 1015 1955 neque
1030 1862 1104 1954 ipse
1118 1884 1193 1931 rem
1208 1861 1370 1931 incertam
1385 1862 1543 1947 haberet,

319 1999 433 2069 neque
458 1978 503 2046 ab
530 1979 601 2046 ullo
623 1978 840 2048 audientium
858 1978 1021 2048 incertam
1042 1977 1163 2047 haberi
1186 1977 1426 2047 arbitraretur.
1448 1977 1545 2047 Audi

319 2093 413 2161 enim
426 2092 597 2164 dicentem
614 2117 622 2160 :

368 2236 384 2273 a
411 2210 467 2277 Ad
491 2225 642 2279 mortem
666 2225 714 2295 te,
736 2207 899 2289 Catilina,
924 2207 1006 2277 duci
1028 2208 1123 2297 iussu
1147 2209 1315 2288 consulis,
1338 2189 1546 2299 jampridem

326 2353 340 2386 α
367 2324 563 2415 oportebat;
581 2323 617 2392 in
631 2340 663 2393 te
677 2323 829 2394 conferri
845 2337 976 2416 pestem
990 2324 1102 2403 istam,
1117 2347 1223 2414 quam
1238 2342 1274 2393 tu
1292 2325 1328 2393 in
1345 2347 1410 2393 nos
1426 2346 1547 2394 omnes

325 2439 501 2529 «jamdiu
532 2440 784 2511 machinaris...
826 2440 1010 2509 Habemus
1051 2441 1396 2510 senatusconsultum
1429 2441 1464 2508 in
1500 2456 1546 2522 te,

324 2583 341 2619 «
366 2554 532 2640 Catilina,
547 2557 732 2626 vehemens
748 2575 780 2626 et
792 2579 914 2649 grave3
933 2578 1004 2625 non
1017 2558 1111 2626 deest
1122 2556 1332 2648 reipublicae
1348 2556 1547 2639 consilium,

323 2698 340 2733 «
366 2691 478 2758 neque
491 2672 681 2741 auctoritas
692 2649 952 2762 hujusordinis,
967 2694 1043 2753 nos,
1059 2695 1137 2752 nos,
1150 2672 1227 2741 dico
1243 2689 1368 2762 aperte,
1383 2671 1547 2740 consules
1577 2678 1582 2687 '

326 2813 341 2850 u
368 2788 547 2858 desumus.
573 2814 589 2850 »

369 2930 385 2967 <r
413 2902 577 2972 Decrevit
592 2904 772 2993 quondam
787 2920 933 2972 senatus
955 2920 993 2971 ut
1018 2906 1059 2971 L.
1075 2904 1244 2995 Opimius
1261 2905 1384 2974 consul
1406 2903 1546 2985 videret,

325 3047 340 3081 ι(
368 3042 408 3088 ne
424 3018 510 3109 quid
526 3018 729 3110 respublica
746 3018 949 3088 detrimenti
964 3038 1116 3111 caperet.
1131 3022 1212 3092 Nox
1228 3020 1321 3089 nulla
1337 3019 1546 3096 intercessit:

260 3142 265 3150 '
325 3134 570 3208 «interfectus
604 3153 654 3205 est
688 3152 828 3226 propter
862 3138 1035 3227 quasdam
1071 3136 1285 3205 seditionum
1315 3136 1547 3227 suspiciones,

325 3279 342 3315 «
368 3250 408 3321 C.
433 3250 629 3338 Gracchus,
650 3251 843 3321 clarissimo
867 3269 975 3342 patre,
999 3275 1077 3337 av0,
1104 3252 1310 3341 majoribus3
1332 3253 1471 3320 occisus
1497 3269 1550 3320 est

325 3394 341 3428 t<
369 3388 450 3436 cum
475 3367 592 3436 liberis
617 3368 667 3437 M.
697 3367 845 3436 Fulvius
871 3369 1076 3437 consularis.
1103 3366 1218 3439 Simili
1246 3368 1551 3436 senatusconsulto

327 3508 343 3544 «
369 3482 409 3554 C.
426 3483 538 3552 Mario
553 3500 585 3552 et
605 3484 647 3551 L.
663 3482 802 3551 Valerio
817 3482 991 3572 permissa
1011 3500 1061 3551 est
1077 3483 1298 3575 respublica.
1322 3485 1423 3554 Num
1438 3505 1552 3550 unum

328 3625 345 3660 «
371 3597 466 3667 diem
488 3617 607 3689 postea
630 3600 671 3668 L.
695 3597 942 3681 Saturninum,
969 3599 1290 3690 tribunumplebis,
1313 3578 1347 3668 et
1368 3598 1411 3671 C.
1435 3597 1554 3668 Servi-

330 3740 345 3777 «
372 3713 685 3805 lium,praetorem,
702 3736 796 3783 mors
808 3738 848 3783 ac
870 3713 1080 3804 reipublicae
1102 3738 1214 3806 poena
1232 3733 1402 3784 remorata
1415 3714 1491 3784 est?
1504 3717 1554 3783 At

331 3856 345 3893 u
372 3851 437 3898 nos
459 3830 668 3900 vicesimum
693 3830 764 3919 jam
789 3829 883 3898 diem
904 3830 1060 3921 patimur
1081 3831 1260 3900 hebescere
1290 3831 1399 3899 aciem
1427 3831 1552 3900 horum

330 3972 345 4010 u
370 3945 595 4015 auctoritatis.
619 3946 802 4015 Habemus
831 3944 926 4013 enim
961 3946 1163 4034 hujusmodi
1196 3948 1552 4033 senatusconsultum,

329 4087 345 4125 (ι
370 4080 612 4131 verumtamen
626 4061 802 4131 inclusum
816 4060 852 4128 in
867 4061 1010 4144 tabulis,
1025 4078 1192 4150 tanquam
1206 4062 1365 4154 gladium
1379 4061 1415 4130 in
1433 4062 1554 4155 vagina

330 4203 344 4242 «
372 4177 586 4247 reconditum
611 4200 618 4245 :
642 4199 714 4268 quo
730 4201 768 4246 ex
791 4179 1096 4247 senatusconsulto
1118 4177 1305 4246 confestim
1329 4178 1553 4247 interfectum

329 4320 345 4356 «
371 4311 405 4363 te
426 4317 509 4378 esse,
534 4292 700 4372 Catilina,
726 4292 900 4363 convenit.
922 4292 1083 4377 Vivis,et
1108 4293 1156 4361 ita
1180 4293 1268 4364 vivis
1285 4316 1355 4362 non
1378 4295 1422 4363 ad
1445 4296 1554 4385 depo·

329 4440 342 4473 a
371 4411 536 4496 nendam,
562 4408 624 4478 sed
652 4411 698 4479 ad
724 4409 1007 4478 confirmandam
1037 4409 1245 4478 audaciam.
1277 4409 1404 4499 Cupi0,
1433 4412 1554 4479 Patres

329 4553 345 4590 c
370 4524 569 4616 conscripti,
589 4524 693 4617 cupio
715 4546 770 4595 me
788 4547 861 4594 esse
883 4525 1115 4607 clementem;
1133 4525 1238 4614 cupio
1256 4525 1291 4593 in
1311 4525 1418 4593 tantis
1438 4525 1553 4615 reipu-

331 4667 346 4705 α
371 4641 481 4712 blicae
496 4639 678 4733 periculis,
693 4662 748 4709 me
763 4663 832 4709 non
846 4639 1057 4708 dissolutum
1078 4640 1203 4720 videri;
1225 4640 1285 4709 sed
1305 4644 1379 4728 jam
1398 4662 1454 4708 me
1479 4639 1553 4730 ipse

332 4783 348 4821 c
374 4755 518 4827 inertiae
539 4755 788 4848 nequitiaeque
804 4755 1048 4825 condemno...
1066 4756 1099 4824 Si
1117 4773 1150 4824 te
1170 4757 1253 4846 jam,
1276 4755 1443 4839 Catilina,
1458 4777 1555 4823 com·

368 5008 405 5081 (ι)
425 5003 547 5075 Manuel
558 5005 607 5064 des
622 5004 782 5080 Antiquitds
793 5005 947 5076 romaines,
965 5018 1033 5074 etc,
1050 5018 1071 5061 t.
1088 5007 1156 5075 Vll,
1172 5024 1200 5078 p.
1215 5023 1284 5078 474,
1301 5018 1364 5061 not.
1383 5024 1406 5060 1.
