3725 6050
836 841 1033 915 „19-

321 992 440 1062 eadem
463 1014 569 1061 causa
593 1009 703 1076 erant,
719 1009 912 1083 postquam
942 996 1095 1063 Romam
1117 1011 1172 1063 est
1198 1013 1356 1076 ventum,
1374 999 1544 1088 extemplo

322 1110 355 1177 in
368 1131 544 1178 carcerem
557 1108 685 1177 conditi
705 1112 761 1197 (ι).
783 1138 798 1171 »

369 1226 416 1295 lis
431 1248 512 1317 ergo
526 1226 646 1317 legatis
660 1242 792 1294 tantam
808 1243 1009 1316 potestatem
1033 1227 1192 1320 delegare
1211 1246 1375 1319 potuerat
1406 1248 1546 1299 senatus

320 1359 358 1412 ut
381 1342 471 1411 cives
496 1321 673 1427 romanos,
692 1365 825 1433 eosque
847 1342 1014 1433 optimos,
1034 1360 1073 1412 ut
1099 1344 1326 1428 Pleminium,
1342 1346 1545 1415 damnarent

320 1477 424 1549 atque
439 1458 475 1527 in
490 1458 632 1527 vincula
648 1458 869 1547 conjicerent.

364 1574 576 1666 Accepimus
613 1574 731 1658 etiam,
759 1574 909 1646 Catonis
951 1576 1095 1664 majoris
1132 1594 1255 1663 aetate,
1284 1599 1367 1645 cum
1401 1578 1544 1668 quidam

321 1692 547 1784 magistratus
566 1692 611 1761 ab
628 1690 797 1782 Hispanis
819 1710 1074 1780 accusarentur,
1090 1711 1122 1761 et
1145 1710 1308 1771 senatum
1329 1694 1545 1764 mandavisse

321 1826 361 1877 ut
385 1808 565 1898 judiciaria
588 1807 768 1897 inquisitio
782 1808 890 1893 fieret,
910 1826 942 1876 et
966 1832 1044 1877 reos
1067 1810 1152 1895 duo,
1167 1809 1379 1901 gravissimis
1399 1811 1544 1879 obrutos

319 1924 536 2007 criminibus,
554 1924 662 1992 satius
689 1922 852 1994 habuisse
877 1948 897 1993 a
920 1925 1032 2015 patria
1056 1926 1146 1993 exire
1168 1948 1273 2016 quam
1295 1926 1390 2017 apud
1415 1927 1543 2017 legatos

319 2057 464 2110 senatus
492 2040 574 2131 poni
602 2057 641 2109 ut
674 2039 981 2132 interrogarentur,
1011 2059 1113 2131 atque
1148 2042 1183 2109 in
1219 2041 1543 2132 probabilissimum

319 2156 552 2227 damnationis
567 2156 684 2225 venire
696 2156 890 2247 periculum
906 2161 915 2243 l
942 2163 962 2247 ).

365 2274 473 2365 Quod
499 2273 644 2364 quidem
669 2291 722 2342 est
750 2273 936 2364 diligenter
962 2273 1318 2343 animadvertendum.
1350 2277 1443 2346 Nam
1467 2276 1544 2343 illos

319 2414 430 2481 neque
447 2390 666 2479 rejectionem
690 2389 845 2479 judicum
861 2389 995 2476 secisse,
1012 2400 1126 2479 neque
1142 2413 1349 2481 provocasse
1364 2391 1409 2458 ad
1428 2414 1544 2482 popu-

318 2511 406 2589 lum,
434 2505 619 2598 perspicuo
658 2506 782 2575 indicio
816 2507 943 2576 habeas
977 2522 1113 2598 oportet
1149 2506 1245 2596 quod
1278 2506 1544 2575 existimaverint

319 2623 471 2716 legitima
484 2639 655 2712 potestate
673 2623 805 2714 legatos
819 2623 880 2700 uti,
900 2623 1025 2711 jusque
1040 2622 1176 2713 legibus
1191 2621 1394 2691 moribusve
1409 2622 1543 2691 senatui

318 2740 424 2809 fuisse
438 2757 474 2808 ut
486 2761 590 2807 suum
603 2738 650 2807 eis
669 2762 801 2807 munus
817 2739 1029 2831 injungeret.

363 2855 462 2925 Idem
473 2855 543 2925 fere
554 2855 619 2926 sub
634 2873 785 2946 tempus,
803 2878 858 2924 res
869 2856 1042 2945 quaedam
1057 2854 1175 2924 evenit
1190 2856 1232 2923 de
1255 2878 1324 2944 qua
1339 2854 1386 2922 sic
1406 2854 1542 2945 scripsit

318 2972 440 3044 Cicero
456 2972 507 3063 (3)
531 2992 540 3042 ε
559 3000 576 3037 u
597 2971 769 3041 Memoria
784 2988 929 3042 teneo...
945 2970 1108 3041 accidisse
1124 2994 1164 3041 ex
1179 2973 1488 3042 senatusconsulto
1503 2988 1543 3040 ut

319 3091 361 3159 P.
392 3089 508 3181 Scipio
542 3106 576 3158 et
609 3092 652 3158 D.
691 3091 821 3157 Brutus
845 3093 895 3178 (ut
925 3088 1064 3179 opinor)
1090 3090 1254 3158 consules
1290 3090 1331 3158 de
1365 3111 1400 3156 re
1435 3088 1543 3157 atroci

317 3229 514 3299 magnaque
541 3222 756 3292 quaererent.
781 3208 876 3276 Nam
899 3229 1013 3295 quum
1037 3205 1071 3273 in
1096 3205 1182 3274 silva
1207 3204 1280 3275 Sila
1306 3205 1395 3274 facta
1419 3203 1542 3274 caedes

317 3340 418 3409 esset,
451 3322 594 3413 notique
627 3321 790 3391 homines
818 3321 994 3403 interfecti,
1022 3322 1358 3412 insimulareturque
1392 3321 1539 3406 familia,

316 3440 443 3531 partim
458 3440 559 3509 etiam
574 3439 682 3525 liberi,
698 3439 874 3509 societatis
889 3439 968 3529 ejus
983 3462 1072 3531 quae
1084 3438 1234 3530 picarias
1239 3491 1306 3508 .....
1323 3439 1539 3522 redemisset,

317 3556 507 3626 decrevisse
525 3573 683 3626 senatum
709 3573 746 3625 ut
770 3556 812 3626 de
829 3579 869 3625 ea
882 3579 918 3624 re
931 3574 1181 3647 cognoscerent
1197 3573 1234 3624 et
1252 3572 1444 3624 statuerent
1455 3577 1539 3624 con·

316 3674 422 3743 sules.
438 3700 455 3736 n

361 3791 511 3859 Mandat
535 3788 640 3882 igitur
662 3807 806 3858 senatus
828 3807 865 3858 ut
889 3789 1054 3859 consules
1076 3804 1286 3879 cognoscant
1301 3805 1539 3878 statuamque,

315 3907 409 3976 etde
431 3926 467 3974 re
483 3905 629 3997 quidem
648 3905 695 3974 ita
709 3906 806 3998 gravi
827 3924 867 3974 ut
886 3928 1023 3998 poenae
1040 3905 1214 3973 maximae
1230 3904 1280 3972 rei
1300 3903 1367 3971 sint
1379 3903 1537 3984 obnoxii,

307 4023 420 4115 vinque
434 4037 508 4090 tam
523 4022 650 4092 liberos
663 4045 772 4111 quam
786 4045 919 4108 servos,
937 4021 1027 4090 inter
1046 4043 1134 4112 quos
1150 4042 1219 4088 non
1235 4020 1427 4109 quidquam
1443 4019 1539 4110 pensi

312 4139 421 4211 habet
442 4156 561 4208 utrum
584 4138 676 4209 cives
697 4139 766 4208 sint
785 4160 921 4208 necne:
950 4137 1048 4231 quod
1069 4154 1224 4205 ceterum
1247 4159 1318 4204 non
1344 4154 1424 4205 ante
1449 4135 1537 4204 scire

315 4272 447 4347 poterat
460 4277 568 4343 quarn
585 4271 812 4345 quaereretur.
832 4258 954 4346 Neque
971 4271 1090 4323 tamen
1106 4252 1273 4321 mandare
1286 4251 1436 4320 dubitat.

360 4374 404 4442 Et
417 4395 536 4441 revera
551 4394 623 4440 non
639 4371 696 4440 alii
707 4388 813 4460 atque
823 4371 870 4439 illi
882 4372 941 4461 qui
954 4372 999 4441 ab
1015 4393 1055 4439 eo
1069 4369 1236 4439 mandata
1247 4386 1449 4458 acceperant
1461 4391 1539 4438 reos

262 4529 265 4533 ·
313 4488 577 4578 judicaverunt3
590 4486 706 4571 iidem,
722 4488 844 4556 audito
859 4487 977 4557 Laelio
992 4510 1118 4557 eorum
1132 4504 1291 4577 patrono,
1301 4507 1372 4554 rem
1387 4485 1538 4577 protule-

313 4622 407 4689 runt,
431 4626 545 4696 neque
568 4603 674 4674 semel
696 4618 847 4689 tantum,
872 4622 906 4674 et
927 4605 1081 4687 tandem,
1102 4620 1290 4695 postquam
1311 4603 1537 4671 vehementer

348 4831 373 4973 pr
403 4829 471 4911 Τις.
489 4827 568 4897 Lrv.,
582 4827 662 4897 XXI,
677 4845 709 4883 21
729 4839 759 4884 et
772 4844 821 4886 22.

360 4919 376 4958 2
402 4899 489 4966 Iud„
505 4899 617 4964 XLIII,
632 4915 659 4955 2.

349 4973 389 5046 (3,
408 4970 532 5041 BrutuS,
552 4968 648 5026 XXII.
