3725 6050
353 895 422 940 non
456 872 612 963 legitime
646 890 828 962 acceptam
855 873 1060 942 obtinebant
1095 871 1232 952 divites,
1257 870 1388 939 civibus
1412 868 1585 961 assignari

355 989 575 1057 vehementer
587 989 809 1078 expetebant.

398 1105 616 1172 Addendom
630 1104 733 1172 etiam
751 1105 848 1196 quod
863 1125 985 1172 eorum
999 1103 1073 1180 filii,
1091 1125 1180 1191 quos
1195 1101 1449 1194 proscripserat
1467 1099 1583 1191 Sylla,

353 1220 566 1310 exoptabant
607 1239 644 1288 ut
685 1221 778 1288 bona
806 1222 953 1309 juraque
983 1237 1080 1309 rapta
1112 1218 1179 1286 sibi
1214 1220 1356 1287 tandem
1392 1217 1585 1286 redderen-

354 1354 426 1404 tur.

400 1451 556 1540 Denique
584 1452 776 1518 multitudo
806 1452 865 1518 illa
894 1450 1063 1541 pessima,
1096 1471 1166 1539 qua
1201 1449 1301 1517 nulla
1335 1465 1429 1516 caret
1454 1469 1584 1539 magna

355 1566 490 1640 civitas,
512 1588 566 1633 res
591 1566 638 1633 ita
668 1567 803 1635 turbari
828 1566 984 1654 vertique
1015 1565 1153 1642 arebat,
1178 1582 1218 1632 ut
1250 1586 1289 1633 ex
1316 1563 1461 1631 divitum
1491 1563 1585 1655 agris

355 1681 593 1772 domibusque
608 1704 730 1772 rapere
744 1701 776 1749 er
791 1704 891 1773 agere
907 1699 1041 1771 posset.

401 1799 511 1884 Quod
531 1797 638 1887 igitur
660 1799 703 1864 ad
725 1797 822 1865 bona
845 1798 981 1878 attinet,
1000 1797 1093 1864 alius
1118 1795 1153 1863 in
1177 1795 1281 1863 aliam
1301 1811 1438 1884 partem
1459 1793 1584 1862 animo

355 1912 576 1990 trahebatur,
601 1915 648 1979 ira
671 1932 788 1979 tamen
815 1931 853 1979 ut
876 1912 978 1979 multi
1004 1934 1113 1980 novas
1134 1934 1188 1979 res
1213 1925 1423 2001 expeterent.
1439 1910 1583 2000 ltaque,

356 2029 512 2116 quodam
531 2028 633 2117 quasi
650 2028 787 2102 morbo,
805 2047 843 2095 ut
858 2026 1114 2110 aitSallustius,
1127 2026 1225 2097 Urbs
1237 2025 1433 2109 laborabat,
1449 2023 1584 2115 aegris·

353 2162 422 2228 que
444 2143 582 2224 similis,
601 2163 693 2230 quos
713 2144 801 2211 lecto
820 2144 969 2222 iacentes
987 2142 1228 2210 ardentissima
1246 2141 1350 2211 febris
1365 2140 1452 2224 urit,
1468 2139 1585 2231 agita-

353 2258 454 2325 batur
474 2280 588 2347 neque
603 2281 642 2326 ea
659 2277 732 2326 erat
746 2282 838 2348 quae
855 2258 1107 2349 conquiescere
1119 2275 1247 2347 posset.

401 2605 524 2693 Neque
539 2604 654 2672 minor
667 2606 732 2672 suit
748 2607 792 2672 de
809 2606 959 2673 civitatis
976 2622 1066 2672 statu
1083 2603 1287 2673 animorum
1302 2601 1458 2693 agitatio.
1475 2603 1584 2672 Plebs

355 2719 459 2788 enirn.
477 2721 531 2786 cui
548 2721 593 2787 ab
607 2721 703 2786 initio
720 2743 759 2787 ea
774 2744 876 2788 mens
887 2720 999 2788 suerat
1014 2738 1053 2788 ut
1065 2719 1277 2809 reipublicae
1290 2717 1458 2810 gerendae
1471 2718 1584 2808 magis

355 2852 459 2920 atque
489 2835 599 2924 magis
624 2835 792 2924 particeps
825 2838 932 2914 fieret,
963 2838 1152 2925 quemdam
1179 2834 1320 2903 tandem
1345 2833 1583 2924 principatum

354 2947 544 3016 obtinebat.
570 2948 651 3035 Sed,
676 2972 760 3017 cum
785 2951 842 3019 illa
866 2976 959 3043 quae
986 2953 1057 3037 iarn
1081 2950 1150 3018 sibi
1174 2949 1372 3042 paravisset
1397 2948 1475 3038 jura
1499 2948 1583 3016 satis

354 3085 537 3154 nunquam
567 3089 639 3134 esse
663 3068 822 3145 ducerer,
848 3088 971 3136 natura
999 3090 1177 3157 praeceps,
1198 3090 1248 3153 ea,
1273 3088 1363 3158 quae
1386 3067 1521 3133 senatui
1545 3065 1582 3133 in

351 3180 489 3249 civitate
511 3202 722 3271 supererant,
746 3206 845 3273 aegre
870 3183 958 3250 ferre
980 3184 1124 3269 solebat,
1144 3205 1259 3272 neque
1280 3180 1377 3249 aliud
1397 3180 1583 3270 exoptabat

354 3296 419 3361 nisi
440 3316 476 3363 ot
491 3296 569 3385 ipsa
583 3319 722 3386 quoque
737 3300 813 3365 sola
828 3315 1004 3389 regnaret.

396 3434 415 3473 c<
442 3412 529 3497 [leia
554 3435 590 3479 se
612 3408 726 3480 faisait
749 3413 839 3495 jour,
855 3414 970 3504 inquit
992 3416 1210 3496 Mommsen,
1228 3414 1261 3481 la
1281 3411 1433 3480 maxime
1458 3434 1525 3501 que
1549 3411 1583 3479 la

352 3526 448 3593 l'oule
466 3550 595 3615 paoxre
610 3547 692 3617 peut
711 3529 806 3596 aussi
825 3530 907 3597 bien
925 3553 994 3619 que
1016 3531 1049 3598 la
1066 3531 1155 3597 riche
1175 3529 1367 3620 oligarchie
1388 3553 1425 3597 se
1445 3527 1584 3597 consti-

352 3659 430 3707 tuor
441 3664 481 3709 en
497 3641 681 3731 puissance
694 3644 969 3733 independante.
984 3664 1028 3726 et,
1042 3663 1178 3713 cessant
1192 3646 1234 3713 de
1248 3645 1347 3713 subit
1360 3645 1392 3712 la
1403 3643 1579 3735 tyrannie,

355 3755 454 3839 joocr
475 3780 520 3823 au
541 3776 643 3847 tyran
664 3760 683 3825 a
706 3782 768 3827 son
790 3779 882 3828 tour.
905 3762 948 3828 Et
971 3783 1027 3828 ces
1048 3762 1283 3851 dangereuses
1301 3760 1463 3850 opinions
1479 3776 1583 3826 trou-

355 3870 468 3937 voicnt
483 3872 525 3937 dc
544 3872 648 3940 l'echo
666 3873 792 3964 jusque
808 3876 921 3964 parmi
939 3877 969 3942 la
985 3876 1143 3955 ieunesse
1156 3875 1219 3943 des
1234 3877 1356 3942 hautes
1370 3876 1517 3957 classes3
1531 3872 1582 3941 les

353 3984 487 4051 rallines
507 3987 548 4053 de
562 3989 593 4053 la
607 3990 711 4056 mode
744 3994 813 4075 r)...
831 4014 851 4056 »

397 4098 499 4165 Multi
528 4100 634 4187 igitur
655 4104 819 4172 volebant
845 4106 1019 4174 minorem
1046 4106 1119 4174 fieri
1146 4106 1181 4173 in
1206 4129 1242 4174 re
1266 4105 1405 4195 publica
1424 4103 1583 4196 gerenda

353 4230 500 4281 senatus
518 4233 748 4305 protestatem,
764 4242 853 4308 quos
869 4221 1036 4309 propositi
1056 4221 1233 4308 adjutores
1250 4220 1412 4289 facillime
1429 4219 1583 4296 habebat

351 4327 515 4408 Catilina,
532 4352 612 4398 curn
630 4332 798 4401 adversus
815 4353 977 4404 senatum
991 4359 1054 4426 pro
1067 4338 1170 4425 plebe
1183 4360 1218 4404 se
1231 4358 1332 4427 agere
1343 4335 1580 4427 profiteretur.

354 4443 447 4511 llixit
476 4446 569 4515 enim
609 4447 642 4515 in
670 4448 779 4529 curia,
811 4451 868 4517 die
903 4452 1073 4542 vigesima
1106 4452 1224 4541 prima
1256 4450 1482 4532 Octobris«
1509 4449 1582 4517 duo

352 4582 497 4649 corporo
517 4586 592 4630 esse
614 4564 840 4653 reipublicae,
859 4588 969 4633 unum
987 4565 1111 4649 debile,
1131 4567 1271 4636 infirmo
1288 4565 1414 4657 capite,
1431 4566 1583 4633 alterum

390 4810 399 4867 l
407 4816 431 4880 r)
445 4810 576 4865 Ilistoiro
589 4813 728 4881 romaine,
741 4814 817 4871 trad.
834 4814 1016 4884 Alexandra,
1031 4827 1052 4870 t.
1069 4817 1121 4884 Vl,
1135 4833 1165 4889 p.
1183 4816 1249 4875 326.
