<?xml version="1.0" encoding="UTF-8"?>
<!DOCTYPE html PUBLIC "-//W3C//DTD XHTML 1.0 Transitional//EN"
    "http://www.w3.org/TR/xhtml1/DTD/xhtml1-transitional.dtd">
<html xmlns="http://www.w3.org/1999/xhtml" xml:lang="en" lang="en">
 <head>
  <title>
</title>
<meta http-equiv="Content-Type" content="text/html;charset=utf-8" />
  <meta name='ocr-system' content='tesseract 3.04.00' />
  <meta name='ocr-capabilities' content='ocr_page ocr_carea ocr_par ocr_line ocrx_word'/>
</head>
<body>
  <div class='ocr_page' id='page_1' title='image "./numlegitimeprud00bertgoog_0089.png"; bbox 0 0 3725 6050; ppageno 0'>
   <div class='ocr_carea' id='block_1_1' title="bbox 825 818 1027 892">
    <p class='ocr_par' dir='ltr' id='par_1_1' title="bbox 825 818 1027 892">
     <span class='ocr_line' id='line_1_1' title="bbox 825 818 1027 892; baseline 0.02 -19"><span class='ocrx_word' id='word_1_1' title='bbox 825 818 1027 892; x_wconf 62' lang='lat'>..81-</span> 
     </span>
    </p>
   </div>
   <div class='ocr_carea' id='block_1_2' title="bbox 356 1102 1661 1311">
    <p class='ocr_par' dir='ltr' id='par_1_2' title="bbox 356 1102 1661 1311">
     <span class='ocr_line' id='line_1_2' title="bbox 356 1102 1661 1195; baseline -0.002 -20"><span class='ocrx_word' id='word_1_2' title='bbox 356 1107 403 1175; x_wconf 92' lang='lat' dir='ltr'>ll.</span> <span class='ocrx_word' id='word_1_3' title='bbox 429 1146 473 1164; x_wconf 84' lang='lat'>-</span> <span class='ocrx_word' id='word_1_4' title='bbox 501 1104 636 1194; x_wconf 77' lang='lat' dir='ltr'><strong><em>Quanti</em></strong></span> <span class='ocrx_word' id='word_1_5' title='bbox 652 1103 878 1195; x_wconf 83' lang='lat' dir='ltr'>reipublicae</span> <span class='ocrx_word' id='word_1_6' title='bbox 892 1102 1098 1194; x_wconf 74' lang='lat' dir='ltr'>interfuerit</span> <span class='ocrx_word' id='word_1_7' title='bbox 1117 1105 1160 1171; x_wconf 89' lang='lat' dir='ltr'>de</span> <span class='ocrx_word' id='word_1_8' title='bbox 1176 1103 1378 1195; x_wconf 80' lang='lat' dir='ltr'>conjuratis</span> <span class='ocrx_word' id='word_1_9' title='bbox 1392 1112 1495 1172; x_wconf 75' lang='lat' dir='ltr'>extra</span> <span class='ocrx_word' id='word_1_10' title='bbox 1541 1145 1543 1149; x_wconf 94' lang='lat'><em>-</em></span> <span class='ocrx_word' id='word_1_11' title='bbox 1657 1164 1661 1172; x_wconf 95' lang='lat'>.</span> 
     </span>
     <span class='ocr_line' id='line_1_3' title="bbox 655 1218 1187 1311; baseline -0.006 -22"><span class='ocrx_word' id='word_1_12' title='bbox 655 1218 813 1289; x_wconf 83' lang='lat' dir='ltr'><em>ordinem</em></span> <span class='ocrx_word' id='word_1_13' title='bbox 830 1231 860 1287; x_wconf 81' lang='lat' dir='ltr'>et</span> <span class='ocrx_word' id='word_1_14' title='bbox 878 1219 1093 1289; x_wconf 80' lang='lat' dir='ltr'>vehementer</span> <span class='ocrx_word' id='word_1_15' title='bbox 1110 1219 1187 1311; x_wconf 82' lang='lat' dir='ltr'>agi.</span> 
     </span>
    </p>
   </div>
   <div class='ocr_carea' id='block_1_3' title="bbox 313 1423 1579 4179">
    <p class='ocr_par' dir='ltr' id='par_1_3' title="bbox 315 1423 1579 1860">
     <span class='ocr_line' id='line_1_4' title="bbox 365 1423 1543 1518; baseline -0.002 -23"><span class='ocrx_word' id='word_1_16' title='bbox 365 1451 391 1497; x_wconf 91' lang='lat'>1.</span> <span class='ocrx_word' id='word_1_17' title='bbox 421 1426 499 1498; x_wconf 88' lang='lat' dir='ltr'>Nisi</span> <span class='ocrx_word' id='word_1_18' title='bbox 514 1442 682 1518; x_wconf 83' lang='lat' dir='ltr'>potestate</span> <span class='ocrx_word' id='word_1_19' title='bbox 698 1442 790 1493; x_wconf 88' lang='lat' dir='ltr'>extra</span> <span class='ocrx_word' id='word_1_20' title='bbox 807 1424 971 1493; x_wconf 88' lang='lat' dir='ltr'>ordinem</span> <span class='ocrx_word' id='word_1_21' title='bbox 984 1423 1049 1493; x_wconf 91' lang='lat' dir='ltr'>sibi</span> <span class='ocrx_word' id='word_1_22' title='bbox 1064 1446 1104 1492; x_wconf 88' lang='lat' dir='ltr'>ex</span> <span class='ocrx_word' id='word_1_23' title='bbox 1124 1425 1432 1493; x_wconf 90' lang='lat' dir='ltr'>senatusconsulto</span> <span class='ocrx_word' id='word_1_24' title='bbox 1460 1425 1543 1493; x_wconf 89' lang='lat' dir='ltr'>data</span> 
     </span>
     <span class='ocr_line' id='line_1_5' title="bbox 315 1538 1544 1632; baseline -0.002 -21"><span class='ocrx_word' id='word_1_25' title='bbox 315 1566 397 1611; x_wconf 90' lang='lat' dir='ltr'>usus</span> <span class='ocrx_word' id='word_1_26' title='bbox 413 1559 505 1614; x_wconf 91' lang='lat' dir='ltr'>esset</span> <span class='ocrx_word' id='word_1_27' title='bbox 525 1541 662 1632; x_wconf 80' lang='lat' dir='ltr'>consul,</span> <span class='ocrx_word' id='word_1_28' title='bbox 685 1540 715 1609; x_wconf 92' lang='lat' dir='ltr'>si</span> <span class='ocrx_word' id='word_1_29' title='bbox 735 1542 780 1608; x_wconf 91' lang='lat' dir='ltr'>ad</span> <span class='ocrx_word' id='word_1_30' title='bbox 805 1538 941 1630; x_wconf 84' lang='lat' dir='ltr'>judices</span> <span class='ocrx_word' id='word_1_31' title='bbox 970 1539 1179 1625; x_wconf 87' lang='lat' dir='ltr'>ordinarios,</span> <span class='ocrx_word' id='word_1_32' title='bbox 1198 1539 1358 1630; x_wconf 86' lang='lat' dir='ltr'>inquam,</span> <span class='ocrx_word' id='word_1_33' title='bbox 1373 1539 1544 1627; x_wconf 85' lang='lat' dir='ltr'>rejecisset</span> 
     </span>
     <span class='ocr_line' id='line_1_6' title="bbox 315 1640 1579 1749; baseline -0.002 -21"><span class='ocrx_word' id='word_1_34' title='bbox 315 1660 525 1749; x_wconf 89' lang='lat' dir='ltr'>conjuratos,</span> <span class='ocrx_word' id='word_1_35' title='bbox 555 1655 708 1748; x_wconf 89' lang='lat' dir='ltr'>opprimi</span> <span class='ocrx_word' id='word_1_36' title='bbox 741 1655 894 1749; x_wconf 88' lang='lat' dir='ltr'>potuisse</span> <span class='ocrx_word' id='word_1_37' title='bbox 919 1654 1200 1744; x_wconf 82' lang='lat' dir='ltr'>conjurationem</span> <span class='ocrx_word' id='word_1_38' title='bbox 1238 1656 1441 1747; x_wconf 84' lang='lat' dir='ltr'>negandum</span> <span class='ocrx_word' id='word_1_39' title='bbox 1469 1640 1543 1725; x_wconf 80' lang='lat' dir='ltr'>esse</span> <span class='ocrx_word' id='word_1_40' title='bbox 1576 1648 1579 1652; x_wconf 67' lang='grc'><strong><em>’</em></strong></span> 
     </span>
     <span class='ocr_line' id='line_1_7' title="bbox 315 1775 1544 1860; baseline -0.003 -17"><span class='ocrx_word' id='word_1_41' title='bbox 315 1775 464 1844; x_wconf 88' lang='lat' dir='ltr'>videtur.</span> <span class='ocrx_word' id='word_1_42' title='bbox 1541 1853 1544 1860; x_wconf 25' lang='grc' dir='ltr'>Ι</span> 
     </span>
    </p>

    <p class='ocr_par' dir='ltr' id='par_1_4' title="bbox 313 1886 1546 2673">
     <span class='ocr_line' id='line_1_8' title="bbox 360 1886 1544 1978; baseline -0.003 -20"><span class='ocrx_word' id='word_1_43' title='bbox 360 1889 498 1958; x_wconf 84' lang='lat' dir='ltr'>Memor</span> <span class='ocrx_word' id='word_1_44' title='bbox 520 1889 566 1956; x_wconf 94' lang='lat' dir='ltr'>sis</span> <span class='ocrx_word' id='word_1_45' title='bbox 587 1888 683 1958; x_wconf 91' lang='lat' dir='ltr'>enim</span> <span class='ocrx_word' id='word_1_46' title='bbox 702 1904 835 1978; x_wconf 86' lang='lat' dir='ltr'>oportet</span> <span class='ocrx_word' id='word_1_47' title='bbox 851 1908 932 1955; x_wconf 91' lang='lat' dir='ltr'>eam</span> <span class='ocrx_word' id='word_1_48' title='bbox 957 1886 1066 1955; x_wconf 84' lang='lat' dir='ltr'>fuisse</span> <span class='ocrx_word' id='word_1_49' title='bbox 1093 1903 1173 1955; x_wconf 89' lang='lat' dir='ltr'>tum</span> <span class='ocrx_word' id='word_1_50' title='bbox 1190 1887 1304 1978; x_wconf 82' lang='lat' dir='ltr'>legem</span> <span class='ocrx_word' id='word_1_51' title='bbox 1323 1887 1493 1971; x_wconf 88' lang='lat' dir='ltr'>Romanis</span> <span class='ocrx_word' id='word_1_52' title='bbox 1506 1903 1544 1955; x_wconf 91' lang='lat' dir='ltr'>ut</span> 
     </span>
     <span class='ocr_line' id='line_1_9' title="bbox 313 2001 1546 2093; baseline -0.002 -19"><span class='ocrx_word' id='word_1_53' title='bbox 313 2005 374 2084; x_wconf 90' lang='lat' dir='ltr'>rei,</span> <span class='ocrx_word' id='word_1_54' title='bbox 392 2007 482 2074; x_wconf 92' lang='lat' dir='ltr'>dum</span> <span class='ocrx_word' id='word_1_55' title='bbox 499 2026 623 2073; x_wconf 90' lang='lat' dir='ltr'>eorum</span> <span class='ocrx_word' id='word_1_56' title='bbox 633 2005 678 2072; x_wconf 91' lang='lat' dir='ltr'>de</span> <span class='ocrx_word' id='word_1_57' title='bbox 691 2025 796 2073; x_wconf 86' lang='lat' dir='ltr'>causa</span> <span class='ocrx_word' id='word_1_58' title='bbox 811 2002 1056 2093; x_wconf 83' lang='lat' dir='ltr'>inquireretur,</span> <span class='ocrx_word' id='word_1_59' title='bbox 1070 2001 1105 2070; x_wconf 90' lang='lat' dir='ltr'>in</span> <span class='ocrx_word' id='word_1_60' title='bbox 1119 2001 1272 2072; x_wconf 86' lang='lat' dir='ltr'>vinculis</span> <span class='ocrx_word' id='word_1_61' title='bbox 1288 2002 1429 2071; x_wconf 90' lang='lat' dir='ltr'>retineri</span> <span class='ocrx_word' id='word_1_62' title='bbox 1448 2018 1546 2071; x_wconf 91' lang='lat' dir='ltr'>veta-</span> 
     </span>
     <span class='ocr_line' id='line_1_10' title="bbox 316 2109 1546 2210; baseline -0.003 -21"><span class='ocrx_word' id='word_1_63' title='bbox 316 2138 446 2189; x_wconf 90' lang='lat' dir='ltr'>rentur.</span> <span class='ocrx_word' id='word_1_64' title='bbox 465 2122 587 2210; x_wconf 89' lang='lat' dir='ltr'>ltaque</span> <span class='ocrx_word' id='word_1_65' title='bbox 608 2120 666 2188; x_wconf 83' lang='lat' dir='ltr'>via</span> <span class='ocrx_word' id='word_1_66' title='bbox 687 2118 919 2210; x_wconf 86' lang='lat' dir='ltr'>cognoscendi</span> <span class='ocrx_word' id='word_1_67' title='bbox 941 2109 1200 2208; x_wconf 84' lang='lat' dir='ltr'>judicandique</span> <span class='ocrx_word' id='word_1_68' title='bbox 1219 2116 1396 2186; x_wconf 86' lang='lat' dir='ltr'>ordinaria</span> <span class='ocrx_word' id='word_1_69' title='bbox 1422 2135 1546 2186; x_wconf 90' lang='lat' dir='ltr'>contra</span> 
     </span>
     <span class='ocr_line' id='line_1_11' title="bbox 314 2233 1545 2321; baseline -0.003 -16"><span class='ocrx_word' id='word_1_70' title='bbox 314 2260 375 2305; x_wconf 89' lang='lat' dir='ltr'>eos</span> <span class='ocrx_word' id='word_1_71' title='bbox 402 2235 516 2304; x_wconf 90' lang='lat' dir='ltr'>utenti</span> <span class='ocrx_word' id='word_1_72' title='bbox 544 2257 683 2305; x_wconf 89' lang='lat' dir='ltr'>necesse</span> <span class='ocrx_word' id='word_1_73' title='bbox 712 2251 786 2303; x_wconf 89' lang='lat' dir='ltr'>erat</span> <span class='ocrx_word' id='word_1_74' title='bbox 811 2254 951 2303; x_wconf 89' lang='lat' dir='ltr'>carcere</span> <span class='ocrx_word' id='word_1_75' title='bbox 971 2233 1161 2303; x_wconf 86' lang='lat' dir='ltr'>abstineret</span> <span class='ocrx_word' id='word_1_76' title='bbox 1180 2236 1224 2321; x_wconf 74' lang='grc' dir='ltr'>(ι)</span> <span class='ocrx_word' id='word_1_77' title='bbox 1254 2236 1366 2304; x_wconf 91' lang='lat' dir='ltr'>Porro</span> <span class='ocrx_word' id='word_1_78' title='bbox 1391 2234 1545 2302; x_wconf 91' lang='lat' dir='ltr'>multum</span> 
     </span>
     <span class='ocr_line' id='line_1_12' title="bbox 316 2348 1546 2442; baseline -0.003 -22"><span class='ocrx_word' id='word_1_79' title='bbox 316 2350 550 2442; x_wconf 86' lang='lat' dir='ltr'>praeteriisset</span> <span class='ocrx_word' id='word_1_80' title='bbox 564 2368 704 2441; x_wconf 89' lang='lat' dir='ltr'>tempus</span> <span class='ocrx_word' id='word_1_81' title='bbox 728 2366 921 2437; x_wconf 89' lang='lat' dir='ltr'>antequam</span> <span class='ocrx_word' id='word_1_82' title='bbox 948 2348 1124 2438; x_wconf 86' lang='lat' dir='ltr'>conjurati</span> <span class='ocrx_word' id='word_1_83' title='bbox 1143 2348 1390 2438; x_wconf 78' lang='lat' dir='ltr'>judicarentur,</span> <span class='ocrx_word' id='word_1_84' title='bbox 1424 2371 1546 2438; x_wconf 90' lang='lat' dir='ltr'>resque</span> 
     </span>
     <span class='ocr_line' id='line_1_13' title="bbox 316 2465 1544 2553; baseline -0.002 -17"><span class='ocrx_word' id='word_1_85' title='bbox 316 2467 420 2536; x_wconf 91' lang='lat' dir='ltr'>simul</span> <span class='ocrx_word' id='word_1_86' title='bbox 446 2466 493 2536; x_wconf 90' lang='lat' dir='ltr'>ita</span> <span class='ocrx_word' id='word_1_87' title='bbox 514 2490 550 2535; x_wconf 90' lang='lat' dir='ltr'>se</span> <span class='ocrx_word' id='word_1_88' title='bbox 575 2484 654 2536; x_wconf 91' lang='lat' dir='ltr'>tum</span> <span class='ocrx_word' id='word_1_89' title='bbox 681 2466 832 2536; x_wconf 91' lang='lat' dir='ltr'>habebat</span> <span class='ocrx_word' id='word_1_90' title='bbox 849 2481 890 2533; x_wconf 92' lang='lat' dir='ltr'>ut</span> <span class='ocrx_word' id='word_1_91' title='bbox 915 2488 1022 2534; x_wconf 92' lang='lat' dir='ltr'>causa</span> <span class='ocrx_word' id='word_1_92' title='bbox 1042 2487 1115 2533; x_wconf 91' lang='lat' dir='ltr'>non</span> <span class='ocrx_word' id='word_1_93' title='bbox 1142 2467 1257 2535; x_wconf 91' lang='lat' dir='ltr'>desset</span> <span class='ocrx_word' id='word_1_94' title='bbox 1282 2487 1343 2535; x_wconf 88' lang='lat' dir='ltr'>cur</span> <span class='ocrx_word' id='word_1_95' title='bbox 1372 2465 1544 2553; x_wconf 82' lang='lat' dir='ltr'>judicibus</span> 
     </span>
     <span class='ocr_line' id='line_1_14' title="bbox 316 2580 794 2673; baseline -0.002 -21"><span class='ocrx_word' id='word_1_96' title='bbox 316 2583 438 2652; x_wconf 90' lang='lat' dir='ltr'>consul</span> <span class='ocrx_word' id='word_1_97' title='bbox 452 2604 578 2673; x_wconf 91' lang='lat' dir='ltr'>parum</span> <span class='ocrx_word' id='word_1_98' title='bbox 592 2580 794 2651; x_wconf 90' lang='lat' dir='ltr'>confideret.</span> 
     </span>
    </p>

    <p class='ocr_par' dir='ltr' id='par_1_5' title="bbox 316 2683 1546 2907">
     <span class='ocr_line' id='line_1_15' title="bbox 361 2683 1546 2796; baseline -0.003 -28"><span class='ocrx_word' id='word_1_99' title='bbox 361 2700 455 2792; x_wconf 83' lang='lat' dir='ltr'>Lege</span> <span class='ocrx_word' id='word_1_100' title='bbox 468 2698 566 2767; x_wconf 89' lang='lat' dir='ltr'>enim</span> <span class='ocrx_word' id='word_1_101' title='bbox 581 2698 728 2778; x_wconf 89' lang='lat' dir='ltr'>vocandi</span> <span class='ocrx_word' id='word_1_102' title='bbox 742 2714 838 2767; x_wconf 90' lang='lat' dir='ltr'>erant</span> <span class='ocrx_word' id='word_1_103' title='bbox 851 2696 1024 2769; x_wconf 80' lang='lat' dir='ltr'>Catilinae</span> <span class='ocrx_word' id='word_1_104' title='bbox 1037 2696 1120 2767; x_wconf 92' lang='lat' dir='ltr'>socii</span> <span class='ocrx_word' id='word_1_105' title='bbox 1134 2697 1188 2796; x_wconf 71' lang='lat' dir='ltr'>uel</span> <span class='ocrx_word' id='word_1_106' title='bbox 1201 2696 1246 2766; x_wconf 94' lang='lat' dir='ltr'>ad</span> <span class='ocrx_word' id='word_1_107' title='bbox 1260 2694 1404 2765; x_wconf 89' lang='lat' dir='ltr'>comitia</span> <span class='ocrx_word' id='word_1_108' title='bbox 1422 2683 1546 2766; x_wconf 65' lang='lat' dir='ltr'>centuss</span> 
     </span>
     <span class='ocr_line' id='line_1_16' title="bbox 316 2813 1128 2907; baseline -0.001 -24"><span class='ocrx_word' id='word_1_109' title='bbox 316 2815 401 2883; x_wconf 91' lang='lat' dir='ltr'>riata</span> <span class='ocrx_word' id='word_1_110' title='bbox 418 2814 473 2884; x_wconf 93' lang='lat' dir='ltr'>vel</span> <span class='ocrx_word' id='word_1_111' title='bbox 498 2814 544 2883; x_wconf 88' lang='lat' dir='ltr'>ad</span> <span class='ocrx_word' id='word_1_112' title='bbox 558 2836 671 2883; x_wconf 91' lang='lat' dir='ltr'>unam</span> <span class='ocrx_word' id='word_1_113' title='bbox 681 2837 721 2883; x_wconf 87' lang='lat' dir='ltr'>ex</span> <span class='ocrx_word' id='word_1_114' title='bbox 733 2813 1010 2907; x_wconf 82' lang='lat' dir='ltr'>quaestionibus.</span> <span class='ocrx_word' id='word_1_115' title='bbox 1124 2892 1128 2900; x_wconf 34' lang='lat'><strong><em>¹</em></strong></span> 
     </span>
    </p>

    <p class='ocr_par' dir='ltr' id='par_1_6' title="bbox 315 2928 1548 4063">
     <span class='ocr_line' id='line_1_17' title="bbox 360 2928 1546 3020; baseline -0.001 -22"><span class='ocrx_word' id='word_1_116' title='bbox 360 2930 462 3020; x_wconf 82' lang='lat' dir='ltr'>Atqui</span> <span class='ocrx_word' id='word_1_117' title='bbox 489 2930 632 2998; x_wconf 90' lang='lat' dir='ltr'>comitia</span> <span class='ocrx_word' id='word_1_118' title='bbox 658 2929 855 2999; x_wconf 86' lang='lat' dir='ltr'>centuriata</span> <span class='ocrx_word' id='word_1_119' title='bbox 880 2929 1086 2999; x_wconf 90' lang='lat' dir='ltr'>trinundino</span> <span class='ocrx_word' id='word_1_120' title='bbox 1125 2929 1263 3008; x_wconf 89' lang='lat' dir='ltr'>saltem,</span> <span class='ocrx_word' id='word_1_121' title='bbox 1295 2928 1546 3019; x_wconf 89' lang='lat' dir='ltr'>septemdecim</span> 
     </span>
     <span class='ocr_line' id='line_1_18' title="bbox 317 3045 1547 3136; baseline -0.001 -22"><span class='ocrx_word' id='word_1_122' title='bbox 317 3046 464 3136; x_wconf 89' lang='lat' dir='ltr'>inquam</span> <span class='ocrx_word' id='word_1_123' title='bbox 475 3045 612 3130; x_wconf 92' lang='lat' dir='ltr'>diebus,</span> <span class='ocrx_word' id='word_1_124' title='bbox 624 3064 706 3116; x_wconf 88' lang='lat' dir='ltr'>ante</span> <span class='ocrx_word' id='word_1_125' title='bbox 721 3045 814 3115; x_wconf 91' lang='lat' dir='ltr'>diem</span> <span class='ocrx_word' id='word_1_126' title='bbox 822 3045 1039 3115; x_wconf 88' lang='lat' dir='ltr'>&#39;comitialem</span> <span class='ocrx_word' id='word_1_127' title='bbox 1052 3045 1236 3115; x_wconf 90' lang='lat' dir='ltr'>indicenda</span> <span class='ocrx_word' id='word_1_128' title='bbox 1246 3063 1345 3115; x_wconf 89' lang='lat' dir='ltr'>erant</span> <span class='ocrx_word' id='word_1_129' title='bbox 1359 3049 1415 3133; x_wconf 82' lang='lat' dir='ltr'>(a).</span> <span class='ocrx_word' id='word_1_130' title='bbox 1436 3045 1547 3136; x_wconf 91' lang='lat' dir='ltr'>Equi-</span> 
     </span>
     <span class='ocr_line' id='line_1_19' title="bbox 316 3161 1545 3251; baseline 0 -22"><span class='ocrx_word' id='word_1_131' title='bbox 316 3161 399 3231; x_wconf 90' lang='lat' dir='ltr'>dem</span> <span class='ocrx_word' id='word_1_132' title='bbox 422 3161 492 3233; x_wconf 92' lang='lat' dir='ltr'>scio</span> <span class='ocrx_word' id='word_1_133' title='bbox 513 3163 603 3233; x_wconf 89' lang='lat' dir='ltr'>hunc</span> <span class='ocrx_word' id='word_1_134' title='bbox 631 3183 767 3230; x_wconf 90' lang='lat' dir='ltr'>morem</span> <span class='ocrx_word' id='word_1_135' title='bbox 795 3183 867 3231; x_wconf 91' lang='lat' dir='ltr'>non</span> <span class='ocrx_word' id='word_1_136' title='bbox 895 3161 1002 3230; x_wconf 87' lang='lat' dir='ltr'>fuisse</span> <span class='ocrx_word' id='word_1_137' title='bbox 1023 3181 1163 3251; x_wconf 89' lang='lat' dir='ltr'>semper</span> <span class='ocrx_word' id='word_1_138' title='bbox 1183 3177 1359 3230; x_wconf 89' lang='lat' dir='ltr'>servatum</span> <span class='ocrx_word' id='word_1_139' title='bbox 1383 3162 1440 3248; x_wconf 79' lang='lat'>(3).</span> <span class='ocrx_word' id='word_1_140' title='bbox 1459 3161 1545 3244; x_wconf 88' lang='lat' dir='ltr'>Sed,</span> 
     </span>
     <span class='ocr_line' id='line_1_20' title="bbox 317 3276 1547 3372; baseline -0.002 -25"><span class='ocrx_word' id='word_1_141' title='bbox 317 3299 408 3347; x_wconf 92' lang='lat' dir='ltr'>anno</span> <span class='ocrx_word' id='word_1_142' title='bbox 423 3277 633 3370; x_wconf 61' lang='lat' dir='ltr'>pillei-C.)</span> <span class='ocrx_word' id='word_1_143' title='bbox 647 3278 718 3347; x_wconf 91' lang='lat' dir='ltr'>lata</span> <span class='ocrx_word' id='word_1_144' title='bbox 728 3277 843 3346; x_wconf 82' lang='lat' dir='ltr'>luerat</span> <span class='ocrx_word' id='word_1_145' title='bbox 855 3278 905 3346; x_wconf 87' lang='lat' dir='ltr'>lex</span> <span class='ocrx_word' id='word_1_146' title='bbox 921 3276 1068 3348; x_wconf 88' lang='lat' dir='ltr'>Caecilia</span> <span class='ocrx_word' id='word_1_147' title='bbox 1085 3276 1201 3360; x_wconf 90' lang='lat' dir='ltr'>Didia,</span> <span class='ocrx_word' id='word_1_148' title='bbox 1214 3299 1286 3368; x_wconf 92' lang='lat' dir='ltr'>qua</span> <span class='ocrx_word' id='word_1_149' title='bbox 1302 3277 1547 3372; x_wconf 81' lang='lat' dir='ltr'>stuatuebatur</span> 
     </span>
     <span class='ocr_line' id='line_1_21' title="bbox 319 3391 1546 3485; baseline 0 -24"><span class='ocrx_word' id='word_1_150' title='bbox 319 3410 355 3461; x_wconf 91' lang='lat' dir='ltr'>ut</span> <span class='ocrx_word' id='word_1_151' title='bbox 379 3393 451 3482; x_wconf 88' lang='lat' dir='ltr'>jam</span> <span class='ocrx_word' id='word_1_152' title='bbox 477 3393 603 3485; x_wconf 89' lang='lat' dir='ltr'>utique</span> <span class='ocrx_word' id='word_1_153' title='bbox 629 3411 832 3463; x_wconf 90' lang='lat' dir='ltr'>servaretur.</span> <span class='ocrx_word' id='word_1_154' title='bbox 854 3396 1030 3484; x_wconf 89' lang='lat' dir='ltr'>Tempore</span> <span class='ocrx_word' id='word_1_155' title='bbox 1055 3392 1160 3484; x_wconf 82' lang='lat' dir='ltr'>igitur</span> <span class='ocrx_word' id='word_1_156' title='bbox 1190 3391 1385 3473; x_wconf 88' lang='lat' dir='ltr'>Ciceronis,</span> <span class='ocrx_word' id='word_1_157' title='bbox 1408 3391 1546 3484; x_wconf 84' lang='lat' dir='ltr'>neglegi</span> 
     </span>
     <span class='ocr_line' id='line_1_22' title="bbox 316 3507 1547 3599; baseline 0.001 -23"><span class='ocrx_word' id='word_1_158' title='bbox 316 3507 513 3578; x_wconf 84' lang='lat' dir='ltr'>vetabatur.</span> <span class='ocrx_word' id='word_1_159' title='bbox 531 3511 654 3598; x_wconf 89' lang='lat' dir='ltr'>ltaque</span> <span class='ocrx_word' id='word_1_160' title='bbox 669 3509 811 3578; x_wconf 81' lang='lat' dir='ltr'>Lentuli</span> <span class='ocrx_word' id='word_1_161' title='bbox 831 3509 1057 3599; x_wconf 89' lang='lat' dir='ltr'>aliorumque</span> <span class='ocrx_word' id='word_1_162' title='bbox 1077 3508 1314 3598; x_wconf 79' lang='lat' dir='ltr'>conjuratione</span> <span class='ocrx_word' id='word_1_163' title='bbox 1338 3530 1397 3599; x_wconf 89' lang='lat' dir='ltr'>per</span> <span class='ocrx_word' id='word_1_164' title='bbox 1422 3507 1547 3577; x_wconf 87' lang='lat' dir='ltr'>indicia</span> 
     </span>
     <span class='ocr_line' id='line_1_23' title="bbox 317 3623 1548 3717; baseline -0.002 -23"><span class='ocrx_word' id='word_1_165' title='bbox 317 3624 702 3717; x_wconf 83' lang='lat' dir='ltr'>Allobrogumcertiore</span> <span class='ocrx_word' id='word_1_166' title='bbox 715 3625 821 3711; x_wconf 82' lang='lat' dir='ltr'>sacta,</span> <span class='ocrx_word' id='word_1_167' title='bbox 839 3629 866 3692; x_wconf 92' lang='lat' dir='ltr'>si</span> <span class='ocrx_word' id='word_1_168' title='bbox 878 3624 922 3694; x_wconf 93' lang='lat' dir='ltr'>ad</span> <span class='ocrx_word' id='word_1_169' title='bbox 936 3624 1079 3694; x_wconf 91' lang='lat' dir='ltr'>comitia</span> <span class='ocrx_word' id='word_1_170' title='bbox 1098 3625 1292 3694; x_wconf 88' lang='lat' dir='ltr'>centuriata</span> <span class='ocrx_word' id='word_1_171' title='bbox 1305 3623 1353 3693; x_wconf 92' lang='lat' dir='ltr'>rei</span> <span class='ocrx_word' id='word_1_172' title='bbox 1365 3623 1510 3692; x_wconf 84' lang='lat' dir='ltr'>fuissent</span> <span class='ocrx_word' id='word_1_173' title='bbox 1527 3647 1548 3692; x_wconf 88' lang='lat' dir='ltr'>a</span> 
     </span>
     <span class='ocr_line' id='line_1_24' title="bbox 317 3740 1546 3834; baseline 0 -25"><span class='ocrx_word' id='word_1_174' title='bbox 317 3741 463 3809; x_wconf 88' lang='lat' dir='ltr'>consule</span> <span class='ocrx_word' id='word_1_175' title='bbox 477 3741 602 3821; x_wconf 90' lang='lat' dir='ltr'>vocati,</span> <span class='ocrx_word' id='word_1_176' title='bbox 628 3757 769 3810; x_wconf 90' lang='lat' dir='ltr'>tantum</span> <span class='ocrx_word' id='word_1_177' title='bbox 788 3741 958 3831; x_wconf 88' lang='lat' dir='ltr'>temporis</span> <span class='ocrx_word' id='word_1_178' title='bbox 972 3741 1020 3810; x_wconf 92' lang='lat' dir='ltr'>eis</span> <span class='ocrx_word' id='word_1_179' title='bbox 1034 3753 1107 3810; x_wconf 89' lang='lat' dir='ltr'>erat</span> <span class='ocrx_word' id='word_1_180' title='bbox 1121 3741 1195 3834; x_wconf 85' lang='lat' dir='ltr'>lege</span> <span class='ocrx_word' id='word_1_181' title='bbox 1217 3740 1489 3818; x_wconf 89' lang='lat' dir='ltr'>concedendum,</span> <span class='ocrx_word' id='word_1_182' title='bbox 1508 3755 1546 3809; x_wconf 92' lang='lat' dir='ltr'>ut</span> 
     </span>
     <span class='ocr_line' id='line_1_25' title="bbox 316 3855 1545 3949; baseline 0 -25"><span class='ocrx_word' id='word_1_183' title='bbox 316 3873 456 3946; x_wconf 87' lang='lat' dir='ltr'>possent</span> <span class='ocrx_word' id='word_1_184' title='bbox 470 3857 603 3926; x_wconf 91' lang='lat' dir='ltr'>artibus</span> <span class='ocrx_word' id='word_1_185' title='bbox 613 3858 716 3925; x_wconf 88' lang='lat' dir='ltr'>malis</span> <span class='ocrx_word' id='word_1_186' title='bbox 728 3856 1058 3947; x_wconf 87' lang='lat' dir='ltr'>populumallicere,</span> <span class='ocrx_word' id='word_1_187' title='bbox 1070 3856 1154 3949; x_wconf 90' lang='lat' dir='ltr'>quin</span> <span class='ocrx_word' id='word_1_188' title='bbox 1168 3855 1287 3940; x_wconf 88' lang='lat' dir='ltr'>etiam,</span> <span class='ocrx_word' id='word_1_189' title='bbox 1299 3877 1545 3946; x_wconf 88' lang='lat' dir='ltr'>quaecumque</span> 
     </span>
     <span class='ocr_line' id='line_1_26' title="bbox 315 3971 930 4063; baseline -0.002 -23"><span class='ocrx_word' id='word_1_190' title='bbox 315 3972 467 4041; x_wconf 81' lang='lat' dir='ltr'>nefanda</span> <span class='ocrx_word' id='word_1_191' title='bbox 482 3972 709 4063; x_wconf 88' lang='lat' dir='ltr'>paravissent,</span> <span class='ocrx_word' id='word_1_192' title='bbox 721 3995 762 4041; x_wconf 86' lang='lat' dir='ltr'>ea</span> <span class='ocrx_word' id='word_1_193' title='bbox 776 3971 930 4058; x_wconf 88' lang='lat' dir='ltr'>exsequi.</span> 
     </span>
    </p>

    <p class='ocr_par' dir='ltr' id='par_1_7' title="bbox 363 4086 1545 4179">
     <span class='ocr_line' id='line_1_27' title="bbox 363 4086 1545 4179; baseline 0.002 -24"><span class='ocrx_word' id='word_1_194' title='bbox 363 4089 550 4157; x_wconf 88' lang='lat' dir='ltr'>Praeterea</span> <span class='ocrx_word' id='word_1_195' title='bbox 574 4105 700 4177; x_wconf 88' lang='lat' dir='ltr'>coepta</span> <span class='ocrx_word' id='word_1_196' title='bbox 727 4086 847 4158; x_wconf 89' lang='lat' dir='ltr'>haberi</span> <span class='ocrx_word' id='word_1_197' title='bbox 875 4087 1019 4158; x_wconf 91' lang='lat' dir='ltr'>comitia</span> <span class='ocrx_word' id='word_1_198' title='bbox 1054 4087 1184 4156; x_wconf 88' lang='lat' dir='ltr'>dimitti</span> <span class='ocrx_word' id='word_1_199' title='bbox 1210 4104 1371 4179; x_wconf 90' lang='lat' dir='ltr'>poterant</span> <span class='ocrx_word' id='word_1_200' title='bbox 1404 4086 1478 4156; x_wconf 89' lang='lat' dir='ltr'>sive</span> <span class='ocrx_word' id='word_1_201' title='bbox 1499 4087 1545 4157; x_wconf 95' lang='lat' dir='ltr'>ob</span> 
     </span>
    </p>
   </div>
   <div class='ocr_carea' id='block_1_4' title="bbox 313 4309 1545 5024">
    <p class='ocr_par' dir='ltr' id='par_1_8' title="bbox 313 4309 1545 4864">
     <span class='ocr_line' id='line_1_28' title="bbox 352 4309 1544 4383; baseline 0.003 -20"><span class='ocrx_word' id='word_1_202' title='bbox 352 4313 393 4378; x_wconf 88' lang='lat'>(1)</span> <span class='ocrx_word' id='word_1_203' title='bbox 410 4309 456 4364; x_wconf 94' lang='lat' dir='ltr'>llli</span> <span class='ocrx_word' id='word_1_204' title='bbox 468 4321 586 4366; x_wconf 88' lang='lat' dir='ltr'>tantum</span> <span class='ocrx_word' id='word_1_205' title='bbox 597 4310 640 4366; x_wconf 90' lang='lat' dir='ltr'>rei</span> <span class='ocrx_word' id='word_1_206' title='bbox 657 4310 689 4366; x_wconf 89' lang='lat' dir='ltr'>in</span> <span class='ocrx_word' id='word_1_207' title='bbox 704 4328 857 4366; x_wconf 88' lang='lat' dir='ltr'>carcerem</span> <span class='ocrx_word' id='word_1_208' title='bbox 870 4310 1123 4380; x_wconf 76' lang='lat' dir='ltr'>coniciebantur,</span> <span class='ocrx_word' id='word_1_209' title='bbox 1139 4310 1191 4383; x_wconf 93' lang='lat' dir='ltr'>qui</span> <span class='ocrx_word' id='word_1_210' title='bbox 1205 4309 1365 4366; x_wconf 86' lang='lat' dir='ltr'>satisdare</span> <span class='ocrx_word' id='word_1_211' title='bbox 1382 4328 1445 4367; x_wconf 91' lang='lat' dir='ltr'>non</span> <span class='ocrx_word' id='word_1_212' title='bbox 1483 4322 1544 4366; x_wconf 89' lang='lat' dir='ltr'>ote-</span> 
     </span>
     <span class='ocr_line' id='line_1_29' title="bbox 317 4329 1542 4462; baseline 0.002 -28"><span class='ocrx_word' id='word_1_213' title='bbox 317 4393 397 4439; x_wconf 86' lang='lat' dir='ltr'>rant.</span> <span class='ocrx_word' id='word_1_214' title='bbox 412 4381 470 4453; x_wconf 80' lang='lat' dir='ltr'>(ef.</span> <span class='ocrx_word' id='word_1_215' title='bbox 487 4382 551 4437; x_wconf 87' lang='lat' dir='ltr'>Lrv.</span> <span class='ocrx_word' id='word_1_216' title='bbox 565 4383 619 4451; x_wconf 89' lang='lat'>111,</span> <span class='ocrx_word' id='word_1_217' title='bbox 645 4382 907 4453; x_wconf 81' lang='lat' dir='ltr'>133XXV‚4;-··</span> <span class='ocrx_word' id='word_1_218' title='bbox 926 4329 1064 4451; x_wconf 62' lang='lat' dir='ltr'>brontia,</span> <span class='ocrx_word' id='word_1_219' title='bbox 1081 4382 1133 4452; x_wconf 88' lang='lat' dir='ltr'>XI,</span> <span class='ocrx_word' id='word_1_220' title='bbox 1153 4383 1416 4462; x_wconf 60' lang='lat' dir='ltr'>463-Arr.,B5</span> <span class='ocrx_word' id='word_1_221' title='bbox 1471 4425 1490 4451; x_wconf 89' lang='lat'>.,</span> <span class='ocrx_word' id='word_1_222' title='bbox 1520 4382 1542 4449; x_wconf 93' lang='lat' dir='ltr'>l,</span> 
     </span>
     <span class='ocr_line' id='line_1_30' title="bbox 317 4452 1544 4526; baseline -0.013 -3"><span class='ocrx_word' id='word_1_223' title='bbox 317 4454 374 4523; x_wconf 79' lang='lat' dir='ltr'>74l·</span> <span class='ocrx_word' id='word_1_224' title='bbox 393 4452 739 4526; x_wconf 74' lang='lat' dir='ltr'>InrR1NG(L’Espritdu</span> <span class='ocrx_word' id='word_1_225' title='bbox 754 4453 832 4509; x_wconf 80' lang='lat' dir='ltr'>droit</span> <span class='ocrx_word' id='word_1_226' title='bbox 847 4453 973 4517; x_wconf 85' lang='lat' dir='ltr'>romain,</span> <span class='ocrx_word' id='word_1_227' title='bbox 985 4453 1063 4509; x_wconf 86' lang='lat' dir='ltr'>trad.</span> <span class='ocrx_word' id='word_1_228' title='bbox 1075 4453 1112 4508; x_wconf 91' lang='lat' dir='ltr'>de</span> <span class='ocrx_word' id='word_1_229' title='bbox 1127 4454 1331 4522; x_wconf 88' lang='lat' dir='ltr'>Meulenacre‚</span> <span class='ocrx_word' id='word_1_230' title='bbox 1345 4455 1440 4517; x_wconf 81' lang='lat' dir='ltr'>Paris,</span> <span class='ocrx_word' id='word_1_231' title='bbox 1460 4453 1544 4524; x_wconf 83' lang='lat'>1877,</span> 
     </span>
     <span class='ocr_line' id='line_1_31' title="bbox 315 4521 1542 4597; baseline 0.001 -21"><span class='ocrx_word' id='word_1_232' title='bbox 315 4536 337 4577; x_wconf 89' lang='lat' dir='ltr'>t.</span> <span class='ocrx_word' id='word_1_233' title='bbox 359 4521 398 4593; x_wconf 89' lang='lat' dir='ltr'>ll,</span> <span class='ocrx_word' id='word_1_234' title='bbox 414 4541 444 4596; x_wconf 92' lang='lat' dir='ltr'>p.</span> <span class='ocrx_word' id='word_1_235' title='bbox 465 4524 528 4595; x_wconf 83' lang='lat'>130)</span> <span class='ocrx_word' id='word_1_236' title='bbox 545 4537 694 4580; x_wconf 87' lang='lat' dir='ltr'>memorat</span> <span class='ocrx_word' id='word_1_237' title='bbox 711 4524 833 4596; x_wconf 75' lang='lat' dir='ltr'>«parmi</span> <span class='ocrx_word' id='word_1_238' title='bbox 848 4524 892 4581; x_wconf 89' lang='lat' dir='ltr'>les</span> <span class='ocrx_word' id='word_1_239' title='bbox 912 4523 1065 4597; x_wconf 85' lang='lat' dir='ltr'>garanties</span> <span class='ocrx_word' id='word_1_240' title='bbox 1086 4525 1123 4580; x_wconf 91' lang='lat' dir='ltr'>de</span> <span class='ocrx_word' id='word_1_241' title='bbox 1137 4524 1166 4580; x_wconf 93' lang='lat' dir='ltr'>la</span> <span class='ocrx_word' id='word_1_242' title='bbox 1180 4524 1288 4580; x_wconf 77' lang='lat' dir='ltr'>liberte</span> <span class='ocrx_word' id='word_1_243' title='bbox 1312 4523 1542 4596; x_wconf 83' lang='lat' dir='ltr'>personnelle.‚,</span> 
     </span>
     <span class='ocr_line' id='line_1_32' title="bbox 314 4592 1545 4668; baseline 0.003 -22"><span class='ocrx_word' id='word_1_244' title='bbox 314 4592 343 4647; x_wconf 84' lang='lat' dir='ltr'>la</span> <span class='ocrx_word' id='word_1_245' title='bbox 356 4593 465 4651; x_wconf 78' lang='lat' dir='ltr'>liberte</span> <span class='ocrx_word' id='word_1_246' title='bbox 481 4612 621 4667; x_wconf 88' lang='lat' dir='ltr'>que,vers</span> <span class='ocrx_word' id='word_1_247' title='bbox 637 4597 665 4652; x_wconf 93' lang='lat' dir='ltr'>la</span> <span class='ocrx_word' id='word_1_248' title='bbox 681 4596 723 4650; x_wconf 89' lang='lat' dir='ltr'>fin</span> <span class='ocrx_word' id='word_1_249' title='bbox 739 4595 775 4651; x_wconf 90' lang='lat' dir='ltr'>de</span> <span class='ocrx_word' id='word_1_250' title='bbox 791 4594 820 4651; x_wconf 88' lang='lat' dir='ltr'>la</span> <span class='ocrx_word' id='word_1_251' title='bbox 836 4594 1072 4668; x_wconf 84' lang='lat' dir='ltr'>re&#39;publique‚on</span> <span class='ocrx_word' id='word_1_252' title='bbox 1091 4594 1209 4651; x_wconf 91' lang='lat' dir='ltr'>laissait</span> <span class='ocrx_word' id='word_1_253' title='bbox 1231 4595 1370 4666; x_wconf 87' lang='lat' dir='ltr'>jusqu’au</span> <span class='ocrx_word' id='word_1_254' title='bbox 1391 4597 1545 4667; x_wconf 84' lang='lat' dir='ltr'>jugement</span> 
     </span>
     <span class='ocr_line' id='line_1_33' title="bbox 314 4665 1543 4792; baseline 0.002 -74"><span class='ocrx_word' id='word_1_255' title='bbox 314 4681 352 4719; x_wconf 87' lang='lat' dir='ltr'>au</span> <span class='ocrx_word' id='word_1_256' title='bbox 365 4666 500 4738; x_wconf 71' lang='lat' dir='ltr'>preventi</span> <span class='ocrx_word' id='word_1_257' title='bbox 514 4679 619 4724; x_wconf 91' lang='lat' dir='ltr'>contre</span> <span class='ocrx_word' id='word_1_258' title='bbox 646 4665 746 4739; x_wconf 92' lang='lat' dir='ltr'>lequel</span> <span class='ocrx_word' id='word_1_259' title='bbox 763 4684 794 4722; x_wconf 91' lang='lat' dir='ltr'>se</span> <span class='ocrx_word' id='word_1_260' title='bbox 819 4665 1012 4792; x_wconf 69' lang='lat' dir='ltr'>poursuivait</span> <span class='ocrx_word' id='word_1_261' title='bbox 1028 4683 1087 4721; x_wconf 90' lang='lat' dir='ltr'>une</span> <span class='ocrx_word' id='word_1_262' title='bbox 1113 4665 1301 4722; x_wconf 87' lang='lat' dir='ltr'>accusation.</span> <span class='ocrx_word' id='word_1_263' title='bbox 1317 4687 1329 4718; x_wconf 75' lang='lat' dir='ltr'>r</span> <span class='ocrx_word' id='word_1_264' title='bbox 1357 4666 1439 4721; x_wconf 88' lang='lat' dir='ltr'>Idem</span> <span class='ocrx_word' id='word_1_265' title='bbox 1457 4665 1543 4746; x_wconf 77' lang='lat' dir='ltr'>addit</span> 
     </span>
     <span class='ocr_line' id='line_1_34' title="bbox 313 4736 1543 4861; baseline 0.001 -70"><span class='ocrx_word' id='word_1_266' title='bbox 313 4737 442 4861; x_wconf 45' lang='lat' dir='ltr'>{quod</span> <span class='ocrx_word' id='word_1_267' title='bbox 455 4738 493 4792; x_wconf 87' lang='lat' dir='ltr'>ab</span> <span class='ocrx_word' id='word_1_268' title='bbox 510 4736 578 4794; x_wconf 93' lang='lat' dir='ltr'>aliis</span> <span class='ocrx_word' id='word_1_269' title='bbox 592 4751 765 4812; x_wconf 87' lang='lat' dir='ltr'>negatur-</span> <span class='ocrx_word' id='word_1_270' title='bbox 778 4755 802 4793; x_wconf 80' lang='lat' dir='ltr'>:u</span> <span class='ocrx_word' id='word_1_271' title='bbox 847 4755 864 4793; x_wconf 93' lang='lat' dir='ltr'>a</span> <span class='ocrx_word' id='word_1_272' title='bbox 879 4737 1039 4793; x_wconf 76' lang='lat' dir='ltr'>detention</span> <span class='ocrx_word' id='word_1_273' title='bbox 1053 4737 1127 4794; x_wconf 79' lang='lat' dir='ltr'>erait</span> <span class='ocrx_word' id='word_1_274' title='bbox 1141 4736 1311 4810; x_wconf 88' lang='lat' dir='ltr'>possible...</span> <span class='ocrx_word' id='word_1_275' title='bbox 1328 4737 1543 4793; x_wconf 84' lang='lat' dir='ltr'>dansl’ancten</span> 
     </span>
     <span class='ocr_line' id='line_1_35' title="bbox 338 4821 434 4864; baseline 0.031 -4"><span class='ocrx_word' id='word_1_276' title='bbox 338 4821 434 4864; x_wconf 79' lang='lat' dir='ltr'>solt».</span> 
     </span>
    </p>

    <p class='ocr_par' dir='ltr' id='par_1_9' title="bbox 350 4878 899 4950">
     <span class='ocr_line' id='line_1_36' title="bbox 350 4878 899 4950; baseline 0.005 -17"><span class='ocrx_word' id='word_1_277' title='bbox 350 4879 391 4948; x_wconf 82' lang='lat' dir='ltr'>(a)</span> <span class='ocrx_word' id='word_1_278' title='bbox 409 4878 549 4949; x_wconf 65' lang='lat' dir='ltr'>Drours,</span> <span class='ocrx_word' id='word_1_279' title='bbox 563 4879 632 4949; x_wconf 88' lang='lat' dir='ltr'>Vll,</span> <span class='ocrx_word' id='word_1_280' title='bbox 648 4879 695 4944; x_wconf 86' lang='lat'>58,</span> <span class='ocrx_word' id='word_1_281' title='bbox 709 4880 760 4950; x_wconf 90' lang='lat' dir='ltr'>IX,</span> <span class='ocrx_word' id='word_1_282' title='bbox 774 4897 824 4950; x_wconf 91' lang='lat'>41,</span> <span class='ocrx_word' id='word_1_283' title='bbox 841 4883 899 4937; x_wconf 90' lang='lat' dir='ltr'>etc.</span> 
     </span>
    </p>

    <p class='ocr_par' dir='ltr' id='par_1_10' title="bbox 351 4948 1119 5024">
     <span class='ocr_line' id='line_1_37' title="bbox 351 4948 1119 5024; baseline 0.003 -20"><span class='ocrx_word' id='word_1_284' title='bbox 351 4948 393 5022; x_wconf 77' lang='lat'>(3)</span> <span class='ocrx_word' id='word_1_285' title='bbox 411 4949 488 5021; x_wconf 86' lang='lat' dir='ltr'>L1v,‚</span> <span class='ocrx_word' id='word_1_286' title='bbox 504 4952 554 5020; x_wconf 92' lang='lat' dir='ltr'>IV,</span> <span class='ocrx_word' id='word_1_287' title='bbox 571 4967 608 5020; x_wconf 88' lang='lat'>24</span> <span class='ocrx_word' id='word_1_288' title='bbox 619 4976 626 5021; x_wconf 84' lang='lat'>3</span> <span class='ocrx_word' id='word_1_289' title='bbox 638 4952 749 5024; x_wconf 84' lang='lat' dir='ltr'>xxlv,</span> <span class='ocrx_word' id='word_1_290' title='bbox 762 4968 796 5023; x_wconf 76' lang='lat'>73</span> <span class='ocrx_word' id='word_1_291' title='bbox 812 4951 909 5023; x_wconf 91' lang='lat' dir='ltr'>XXV,</span> <span class='ocrx_word' id='word_1_292' title='bbox 925 4969 960 5020; x_wconf 75' lang='lat'>23</span> <span class='ocrx_word' id='word_1_293' title='bbox 974 4951 1054 5017; x_wconf 89' lang='lat' dir='ltr'>XLl,</span> <span class='ocrx_word' id='word_1_294' title='bbox 1075 4968 1119 5020; x_wconf 91' lang='lat'>14.</span> 
     </span>
    </p>
   </div>
   <div class='ocr_carea' id='block_1_5' title="bbox 0 0 1869 6050">
    <p class='ocr_par' dir='ltr' id='par_1_11' title="bbox 0 0 1869 6050">
     <span class='ocr_line' id='line_1_38' title="bbox 0 0 1869 6050; baseline 0 0"><span class='ocrx_word' id='word_1_295' title='bbox 0 0 1869 6050; x_wconf 95' lang='lat' dir='ltr'> </span> 
     </span>
    </p>
   </div>
  </div>
 </body>
</html>
