3725 6050
837 810 1035 908 ..59-

363 991 500 1058 Novam
521 986 626 1055 fuisse
646 1009 719 1054 rem
742 986 989 1056 concedamus,
1009 987 1318 1074 lmm0,cumquis
1335 1011 1376 1055 eo
1396 988 1545 1058 consilio

319 1103 363 1173 ad
377 1120 590 1182 conventum
607 1102 797 1194 quemdam
812 1124 885 1201 rem
898 1102 1093 1171 faciendam
1107 1102 1223 1186 refert,
1241 1126 1284 1171 ne
1299 1103 1370 1190 ipse
1389 1103 1546 1194 periculo

320 1242 382 1288 sun
398 1218 502 1287 faciat
519 1220 672 1307 suisque,
688 1234 727 1286 ut
742 1218 790 1285 ita
803 1218 930 1300 dicam,
956 1218 1148 1287 cervicibus
1162 1241 1256 1286 onus
1280 1219 1447 1309 imponat,
1473 1243 1545 1289 non
1619 1262 1624 1284 .›

318 1352 370 1404 est
398 1336 495 1424 quod
523 1333 636 1401 dicere
664 1333 812 1403 velimus
831 1333 868 1403 id
898 1357 971 1402 esse
998 1334 1236 1424 probandum.
1262 1334 1351 1402 Nam
1373 1335 1469 1403 nulla
1495 1353 1546 1404 est

317 1450 474 1541 tyrannis
485 1449 676 1518 multorum
690 1448 724 1517 in
743 1472 932 1518 commune
962 1471 1228 1540 congressorum
1237 1450 1421 1541 tyrannide
1435 1452 1544 1541 pejor,

318 1587 403 1634 cum·
417 1586 520 1633 nemo
548 1565 590 1632 sit
612 1565 702 1633 inter
715 1565 829 1633 illosa
853 1588 925 1655 quo
953 1564 1041 1634 ratio
1063 1566 1135 1656 peti
1161 1565 1283 1654 possit,
1305 1566 1439 1657 quique
1461 1566 1545 1635 inse

318 1680 458 1771 recipiat
470 1681 564 1770 quod
583 1681 693 1768 maior
705 1703 785 1771 pars
809 1681 951 1749 consilii
974 1680 1125 1768 iusserit.
1149 1684 1198 1749 At
1227 1680 1428 1750 videbimus
1454 1682 1546 1750 infra

319 1796 483 1865 Tullium
499 1779 696 1880 consulem,
712 1797 807 1886 quod
825 1797 867 1866 de
890 1796 1079 1885 conjuratis
1093 1815 1249 1865 censeret
1262 1815 1412 1884 senatus,
1429 1821 1492 1865 suo
1508 1797 1546 1866 id

319 1935 388 1982 non
402 1913 535 1982 minore
550 1912 705 2002 periculo
722 1936 797 1981 esse
812 1912 1006 2001 jussurum,
1021 1935 1129 2004 quam
1145 1913 1244 2002 quod
1254 1912 1326 2003 ipse
1342 1912 1543 1982 censuisset.

364 2027 464 2097 Dicet
478 2027 566 2097 forte
590 2028 717 2117 aliquis
739 2049 809 2095 non
824 2028 976 2118 potuisse
1000 2050 1074 2096 rern
1095 2029 1140 2096 ad
1168 2030 1288 2097 Patres
1311 2028 1426 2097 vocari
1458 2029 1545 2120 quin

319 2160 437 2212 contra
458 2145 512 2234 jus
534 2145 700 2236 ageretur.
726 2143 906 2235 Equidem
917 2143 1079 2233 potuisse
1111 2161 1245 2213 certum
1271 2144 1439 2214 affirmare
1474 2168 1548 2214 non

321 2259 444 2328 ausim.
463 2261 543 2328 Duo
555 2260 637 2328 haec
659 2278 776 2328 tamen
799 2259 1107 2328 animadvertenda
1130 2260 1322 2339 habentur,
1346 2283 1435 2346 quae
1463 2257 1547 2329 satis

321 2374 570 2444 animadversa
585 2375 692 2443 fuisse
704 2398 775 2443 non
791 2373 906 2444 vide0.

365 2491 487 2559 Primo
502 2515 544 2559 ea
558 2489 625 2559 fuit
638 2492 773 2559 consuli
789 2508 951 2581 potestaS,
973 2493 1280 2560 senatusconsulto
1297 2491 1423 2559 ultimo
1438 2491 1544 2576 fact0‚

322 2625 361 2675 ut
373 2630 464 2697 quae
479 2608 580 2675 vellet
595 2629 705 2696 eoque
722 2630 792 2697 quo
804 2608 917 2691 vellet,
935 2607 1053 2690 m0d0,
1066 2606 1217 2696 judicare
1229 2606 1279 2675 illi
1297 2607 1422 2675 liceret.
1448 2608 1545 2677 Nul-

322 2721 389 2791 lius
411 2722 519 2809 igitur
532 2722 601 2812 juri
616 2745 740 2791 nocere
767 2739 902 2812 poterat
928 2723 992 2790 nisi
1016 2745 1082 2791 suo
1099 2748 1107 2792 ι
1124 2723 1167 2791 de
1185 2745 1249 2791 suo
1276 2740 1392 2791 autem
1421 2723 1492 2810 iure
1516 2721 1546 2789 si

208 2847 213 2858 '
245 2883 249 2890 ·
322 2838 407 2927 quid
421 2838 539 2906 cedere
554 2860 636 2907 eum
648 2839 792 2928 juvaret,
815 2839 1001 2929 cujusnam
1017 2838 1209 2908 referebat?
1227 2840 1306 2928 lpse
1319 2837 1468 2906 videret!

367 2953 474 3045 Quod
499 2978 539 3023 eo
567 2954 678 3042 magis
705 2955 957 3024 attendendum
979 2972 1045 3039 est,
1060 2955 1155 3046 quod
1172 2953 1316 3036 consuli,
1333 2971 1371 3022 ut
1390 2977 1429 3022 ea
1456 2976 1546 3044 quae

322 3087 435 3138 essent
448 3071 503 3138 sui
518 3070 622 3138 officii
645 3088 774 3164 ageret,
798 3070 952 3162 quodam
979 3071 1130 3139 consilio
1147 3071 1195 3138 uti
1217 3072 1355 3157 licebat,
1380 3089 1486 3159 atque
1503 3071 1547 3139 ad

323 3184 408 3254 illud
431 3185 613 3254 consilium
633 3209 723 3277 quos
745 3187 848 3256 vellet
877 3187 1035 3255 homines
1058 3186 1256 3255 admittere.
1282 3188 1363 3255 Jarn
1388 3208 1468 3254 vero
1485 3207 1547 3255 cur

323 3300 429 3381 ille,si
446 3302 703 3394 forteplaceret‚
719 3320 839 3371 senatu
855 3303 946 3389 ipso,
960 3320 999 3369 ut
1015 3302 1171 3388 consilio,
1187 3301 1237 3370 uti
1256 3324 1327 3370 non
1343 3306 1503 3391 poterat?

368 3416 446 3485 Hoc
458 3434 577 3486 autem
593 3418 788 3509 diligentius
804 3418 1063 3487 observandum
1086 3435 1169 3507 puto
1185 3417 1321 3485 senatui
1347 3439 1426 3485 eam
1443 3416 1547 3484 fuisse

323 3549 419 3601 certo
433 3532 635 3602 facultatem
650 3552 689 3603 ut
703 3535 793 3603 cives
814 3535 991 3623 quosdam
1006 3535 1122 3602 hostes
1136 3534 1319 3622 judicaret,
1339 3533 1433 3623 quod
1450 3531 1548 3599 idem

322 3645 392 3716 sere
409 3666 481 3717 erat
493 3671 533 3717 ac
548 3648 577 3716 si
598 3649 678 3718 illos
703 3650 867 3739 jussisset
882 3649 1036 3718 interfici.
1058 3652 1221 3738 Jamque,
1235 3666 1313 3739 post
1327 3648 1461 3717 fantum
1485 3647 1549 3714 de-

323 3781 455 3833 cretum
472 3765 644 3852 ultimum,
673 3766 745 3855 jure
762 3765 819 3835 illo
841 3767 874 3834 in
898 3765 1085 3836 Catilinam
1109 3783 1142 3834 et
1169 3764 1334 3833 Mallium
1359 3787 1444 3831 usus
1470 3763 1547 3831 sue·

322 3896 376 3947 rat
389 3881 555 3969 (tlhtqui
569 3881 656 3950 nihil
673 3882 741 3950 sete
756 3882 853 3950 aliud
868 3905 888 3949 a
903 3898 1027 3949 senatu
1039 3880 1157 3971 petivit
1166 3881 1288 3948 consul
1304 3879 1370 3946 nisi
1387 3896 1440 3961 ut,
1453 3877 1549 3967 quod

320 3994 355 4065 in
370 3995 558 4067 Catilinam
565 3997 713 4084 fecisset,
723 3997 818 4066 idem
834 3997 871 4064 in
883 3996 988 4067 Catili
994 3996 1110 4064 nariae
1124 3994 1378 4086 conjurationis
1388 3993 1550 4062 conscios

321 4110 432 4181 facere
446 4113 562 4182 vellet.
577 4115 685 4200 Nam,
695 4113 774 4203 quia
785 4112 820 4180 in
833 4112 1005 4180 custodiis
1016 4112 1241 4194 habebantur,
1258 4133 1369 4179 unum
1383 4109 1549 4179 Patribus

321 4245 392 4298 erat
406 4252 465 4298 eos
480 4228 629 4318 judicare
642 4229 761 4298 hostes
774 4245 806 4297 et
822 4228 891 4297 vita
904 4229 1049 4318 privare.

368 4343 470 4415 Nihil
495 4367 575 4436 ergo
605 4368 677 4415 esse
694 4345 835 4414 videtur
853 4367 914 4413 cur
930 4367 1007 4412 rem
1020 4343 1065 4413 ad
1089 4362 1251 4412 senatum
1265 4364 1390 4413 vocare
1417 4341 1550 4409 consuli

326 4483 398 4529 non
412 4461 564 4538 licuerit;
584 4483 656 4552 quo
672 4477 784 4529 autern
808 4460 957 4528 consilio
979 4459 1171 4546 vocaverit,
1194 4481 1286 4528 nunc
1311 4456 1550 4549 quaerendum

323 4593 386 4646 est.

322 4790 438 4848 traduit
457 4807 529 4846 sous
550 4790 578 4846 la
596 4789 748 4847 direction
769 4791 805 4846 de
828 4792 956 4847 Gustave
990 4789 1141 4844 Humbert
1160 4786 1272 4860 (Paris,
1300 4785 1397 4858 1892),
1427 4796 1450 4846 t.
1480 4784 1547 4854 Vll,

323 4880 353 4936 p.
369 4863 437 4934 481.

359 4936 400 5007 (ι)
412 4934 513 5004 Saum,
530 4932 630 4997 Catil,
646 4932 753 4991 XXVI.
