3725 6050
834 680 1036 754 ..86-

369 857 495 945 Neque
512 875 595 945 ergo
611 858 743 923 mirum
760 857 855 945 quod
878 858 1072 945 prudenter
1089 858 1251 949 civilique
1273 861 1423 930 consilio
1448 863 1572 955 egisse
1616 932 1620 937 ,

329 971 505 1038 consulem
528 992 648 1039 omnes
669 971 981 1051 conclamaverint;
999 972 1132 1042 dictum
1147 974 1220 1063 jam
1241 998 1261 1044 a
1284 994 1407 1046 senatu
1425 979 1571 1069 patriae

323 1104 471 1178 patrem,
486 1109 614 1178 magno
629 1087 754 1176 plausu
775 1103 809 1154 et
830 1087 996 1173 clamore,
1013 1088 1148 1158 dicebat
1167 1092 1326 1181 populus
1341 1111 1570 1163 servatorem

326 1202 434 1273 Urbis
451 1203 665 1292 alterumque
679 1202 888 1271 conditorem
912 1208 922 1291 l
948 1206 970 1289 l.

793 1489 1084 1502 -——..-

813 1747 984 1822 CAPUT
1010 1752 1064 1820 111

581 1997 672 2053 QUAM
696 1998 827 2043 FORTEbl
851 1996 888 2043 SE
911 1997 1040 2043 CONSUL
1064 1996 1304 2045 PRAESTITERIT

374 2236 464 2304 Rem
479 2234 657 2324 publicam
681 2234 710 2301 si
731 2234 918 2302 attenderis
942 2233 1210 2321 prudentissime
1234 2235 1350 2327 egisse
1374 2239 1567 2306 consulem

328 2351 470 2420 minime
487 2350 661 2419 incertum
679 2350 831 2418 habebis.
848 2348 884 2419 Si
898 2337 981 2418 v'ero
1001 2350 1045 2418 ad
1061 2350 1179 2440 ipsum
1200 2350 1403 2441 respexeris,
1424 2352 1570 2423 minore

331 2490 434 2536 usum
450 2490 525 2535 esse
539 2489 618 2535 eum
635 2465 823 2558 prudentia
838 2465 985 2534 forsitan
1002 2465 1151 2534 fatearis.

374 2582 470 2672 Quid
486 2605 566 2652 vero
581 2583 629 2651 illi
645 2581 846 2673 gloriosius,
858 2582 944 2671 quid
956 2581 1082 2670 majori
1092 2582 1204 2672 potuit
1218 2605 1295 2651 esse
1310 2583 1443 2651 honori
1456 2607 1571 2673 quam

333 2723 367 2767 se
382 2699 561 2767 victimam
577 2699 624 2766 rei
638 2698 797 2789 publicae
810 2702 1012 2789 praestare?
1029 2697 1175 2767 Nemini
1190 2698 1284 2766 enim
1302 2698 1458 2767 dubium
1475 2718 1570 2782 erat,

331 2837 373 2882 ne
390 2814 452 2904 ipsi
474 2813 626 2902 quidem,
646 2814 741 2904 quin,
756 2814 783 2881 si
799 2815 1004 2904 conjuratos
1020 2815 1236 2897 interficeret,
1260 2815 1297 2882 in
1324 2814 1572 2886 certissimum

334 2929 520 2998 discrimen
533 2929 677 3013 veniret,
696 2952 738 2999 ne
754 2930 913 3000 homines
929 2931 1131 3021 populares,
1148 2931 1225 2999 loro
1243 2931 1460 3022 quandoque
1476 2932 1570 3001 forte

332 3046 445 3137 potiti,
461 3046 647 3116 ulciscendi
660 3049 777 3117 studio
793 3070 875 3116 eum
891 3048 1103 3139 gravissimis
1117 3048 1240 3137 poenis
1261 3047 1449 3116 afficerent.
1515 3140 1518 3145 Ι

375 3164 612 3252 Quamobrem
627 3164 795 3253 Quintus,
815 3164 920 3233 lrater
936 3165 1022 3252 ejus,
1039 3163 1132 3252 iique
1156 3164 1216 3255 qui
1237 3163 1302 3253 ipsi
1315 3179 1412 3232 erant
1427 3163 1572 3234 amicis-

335 3280 428 3364 simi,
451 3280 483 3347 in
508 3278 667 3350 Caesaris
691 3280 891 3349 sententiam
917 3302 1095 3370 propenso
1120 3280 1237 3348 animo
1261 3278 1397 3348 iverunt
1420 3282 1486 3367 (2);
1505 3281 1570 3371 qui

334 3395 436 3464 etiam
463 3412 638 3486 surgentes
658 3396 837 3464 consulem
861 3395 1174 3483 circumdederunt,
1204 3395 1395 3486 effusisque
1419 3395 1574 3464 lacrimis

337 3528 548 3603 rogaverunt
565 3527 604 3580 ut
619 3511 732 3580 cidem
748 3510 831 3601 ipse,
849 3511 965 3580 studio
981 3511 1047 3592 sui,
1062 3511 1290 3581 assentiretur
1303 3513 1360 3600 (3).

373 3684 410 3751 (tl
433 3682 622 3752 Pnurnncrr„
639 3680 712 3751 cic,
728 3698 774 3738 22.

372 3756 414 3823 (2)
434 3753 521 3823 laia,
538 3771 584 3812 21.

373 3826 412 3897 (3)
435 3826 509 3879 Rem
533 3824 564 3880 in
587 3824 769 3880 contrariam
789 3842 914 3897 prorsus
939 3836 1055 3897 partem
1078 3824 1294 3898 interpretatus
1317 3836 1363 3881 est
1385 3821 1468 3879 J.-B‚
1492 3820 1572 3876 Mis—

338 3896 453 3969 poulet,
468 3895 647 3976 nesci‹›·qua
658 3897 785 3976 ¹ratione
806 3895 961 3969 deceptus.
981 3918 995 3946 α
1012 3898 1069 3950 Les
1085 3895 1168 3951 chefs
1182 3894 1405 3969 expe'rimentes
1425 3893 1467 3948 du
1511 3893 1572 3949 arti

339 3979 564 4037 conservamur,
580 3979 679 4039 inquit
682 4009 749 4037 ......
762 3969 912 4023 tenterent
925 3985 967 4022 un
983 3984 1016 4022 su
1043 3967 1123 4021 reme
1137 3966 1223 4022 ellorr
1235 3966 1311 4022 dans
1324 3965 1351 4021 le
1363 3967 1417 4021 but
1428 3964 1474 4019 d’e
1500 3981 1573 4020 acer

339 4038 544 4109 l’impression
564 4039 708 4110 produite
728 4056 782 4112 par
802 4037 990 4132 l’e'loquence
1032 4055 1047 4092 e
1066 4038 1184 4108 (Ce'sar)
1207 4036 1273 4093 leur
1296 4034 1504 4092 adversaire...
1529 4036 1572 4090 Ils

340 4120 506 4181 quitterent
521 4108 586 4163 leur
601 4108 695 4180 place,
708 4122 860 4182 gravrrent
873 4109 881 4163 l
894 4109 1023 4172 estrada
1036 4115 1233 4165 entourerent
1248 4109 1277 4163 la
1289 4107 1391 4164 chaise
1409 4105 1514 4162 curule
1529 4107 1571 4161 du

341 4180 497 4252 magistrat
513 4179 662 4251 (Ciceron)
676 4194 704 4237 et
718 4182 745 4237 le
754 4179 893 4308 prierent
907 4182 944 4236 de
959 4180 1059 4235 tallier
1071 4182 1087 4235 a
1099 4197 1131 4235 sa
1141 4179 1212 4235 voix
1223 4179 1251 4234 la
1265 4178 1404 4253 majorite
1417 4195 1455 4233 en
1466 4177 1572 4250 pleine

339 4252 475 4312 derrrute,
488 4270 499 4301 n
518 4250 582 4325 (Op.
596 4251 654 4323 cit,
669 4269 699 4324 p.
715 4269 747 4308 21
785 4254 792 4322 l

378 4325 443 4379 llac
459 4322 709 4395 interpretatione
725 4323 850 4380 minima
863 4324 897 4382 lit
912 4341 959 4380 res
978 4324 1127 4449 quaedam
1139 4338 1257 4396 magna.
1270 4321 1394 4377 Certum
1408 4333 1453 4376 est
1466 4331 1572 4375 autem

342 4396 592 4468 interpretantem
616 4395 772 4455 erravisse,
789 4397 836 4452 Ex
858 4398 981 4453 Plutarc
1006 4413 1023 4450 o
1045 4394 1222 4464 enimlCt'c.‚
1237 4393 1416 4464 21)c0nstat
1440 4407 1494 4472 eos
1517 4392 1572 4459 qui

343 4479 443 4524 esseut
460 4466 602 4522 Ciceroni
617 4467 794 4524 amicissimi
803 4469 835 4524 in
850 4466 989 4524 Caesaris
1006 4465 1187 4522 sententiam
1202 4465 1285 4536 ipsos
1301 4462 1403 4518 ivisse.
1421 4462 1482 4529 Qui
1494 4463 1573 4542 velis

345 4539 437 4611 igitur
461 4539 585 4594 eosdem
608 4556 624 4595 a
644 4539 769 4596 consule
792 4538 1003 4614 efflagitavisse
1025 4551 1058 4593 ut
1080 4537 1145 4607 ipse
1165 4550 1271 4593 contra
1293 4535 1370 4590 hanc
1387 4543 1572 4589 sententiam

345 4608 480 4667 diceret?
493 4610 580 4666 Adde
601 4613 693 4685 quod,
711 4611 736 4667 si
753 4609 819 4666 effla
842 4611 1009 4678 itavissent,
1024 4608 1156 4666 lacrimis
1177 4605 1406 4675 abstinuissent,
1420 4621 1496 4676 quas
1516 4621 1571 4660 eos

346 4682 502 4737 ellundere
525 4681 689 4740 ridiculum
736 4682 804 4738 lane
821 4629 945 4752 iuisser,
970 4680 1029 4736 nisi
1052 4681 1134 4736 salus
1158 4677 1294 4734 consulis
1317 4688 1468 4757 ageretur.
1494 4677 1574 4756 Pos—

347 4767 442 4809 tremo
460 4752 532 4825 quid
550 4753 702 4812 voluerint
714 4700 914 4827 fecerintque,
927 4770 963 4808 ex
978 4766 1085 4825 quarta
1106 4748 1284 4808 Catilinaria
1301 4759 1440 4804 oratione
1453 4746 1574 4819 plams-

347 4825 457 4881 simum
471 4838 596 4897 apparet
612 4839 702 4900 atque
718 4824 931 4882 clarissimum.
