3725 6050
830 679 1026 773 „43-

316 855 572 925 tusconsultum
592 852 754 921 ultimum
773 853 905 922 sactum
919 877 1005 939 esse,
1022 875 1137 941 neque
1157 872 1317 939 unquam
1344 871 1425 922 ante
1440 853 1560 923 Grac-

316 973 398 1038 chos
414 992 453 1038 eo
468 968 618 1040 consilio
639 968 674 1036 in
692 992 756 1037 usu
773 968 878 1037 fuisse
894 986 932 1037 ut
946 968 1145 1037 discordiae
1167 967 1356 1037 intestinae
1369 969 1558 1060 placaren-

315 1104 371 1155 tur
394 1089 447 1170 (ι).
470 1087 565 1152 Nam
592 1084 721 1152 bellum
747 1106 816 1152 non
843 1084 1026 1175 agebatur,
1054 1105 1166 1173 quum
1197 1084 1340 1152 senatui
1372 1108 1558 1155 summam

315 1199 574 1289 magistratibus
587 1215 792 1290 potestatem
807 1217 930 1268 contra
947 1198 1126 1268 Manlium
1142 1198 1252 1268 tribui
1268 1200 1413 1290 placuit.
1447 1207 1449 1210 ’

362 1313 480 1385 Stabat
492 1314 557 1382 iste
564 1314 916 1404 prodebitoribus,ita
924 1314 1063 1404 quidem
1073 1314 1242 1383 utturbas
1259 1314 1435 1384 concitare
1445 1333 1556 1403 atque

318 1429 583 1520 Rempublicam
604 1429 640 1496 in
656 1451 819 1519 praeceps
839 1430 922 1500 dare
946 1429 1113 1498 Patribus
1129 1429 1342 1520 conscriptis
1358 1430 1554 1500 videretur.

315 1547 409 1615 Tum
424 1544 472 1611 sic
487 1544 530 1612 ab
545 1543 615 1611 illis
627 1544 803 1612 decretum
819 1562 870 1613 est
885 1567 892 1613 :
915 1573 932 1608 «
948 1545 1102 1614 Videant
1110 1544 1339 1636 magistratus
1356 1568 1399 1613 ne
1414 1546 1556 1634 quidex

315 1659 520 1751 perniciosis
535 1658 689 1727 consiliis
700 1660 748 1726 Nl.
758 1659 881 1728 Nlanlii
894 1682 951 1728 res
963 1659 1108 1750 publica
1122 1659 1323 1729 detrimenti
1339 1660 1521 1752 capiat(2).
1535 1689 1552 1719 ο

318 1775 428 1845 Porro
442 1776 491 1843 M.
504 1774 682 1843 Manlium
704 1774 970 1866 quadringentis
984 1775 1120 1844 circiter
1134 1775 1237 1844 annis
1264 1793 1346 1845 ante
1365 1775 1555 1846 Christum

315 1891 441 1960 vixisse
454 1912 560 1958 nemo
575 1888 686 1958 nescit
704 1889 759 1977 (3).

361 2006 448 2075 Fieri
483 2005 590 2095 igitur
612 2008 745 2074 Romae
768 2005 1116 2074 senatusconsultum
1151 2006 1321 2075 ultimum
1350 2007 1556 2105 antiquitus

318 2123 486 2192 usitatum
503 2139 564 2200 est,
583 2120 746 2211 ideoque,
764 2143 844 2189 cum
863 2149 879 2182 α
901 2142 978 2189 eam
992 2137 1199 2211 potestatem
1215 2145 1277 2212 per
1292 2140 1453 2191 senatum
1467 2146 1556 2191 more

316 2261 454 2310 rontano
468 2235 685 2328 magistratui
696 2258 898 2305 maxumam
915 2219 930 2298 u
944 2235 1102 2326 permitti
1118 2237 1218 2305 docet
1232 2236 1427 2307 Sallustius
1438 2243 1498 2326 (4),
1511 2263 1555 2308 eo

316 2337 418 2425 sensu
436 2345 491 2423 r'es
516 2351 750 2443 intellegenda
773 2368 838 2434 est,
855 2373 938 2439 non,
964 2373 1045 2419 cum
1067 2351 1282 2441 quibusdam
1300 2356 1358 2441 (5),
1383 2374 1421 2422 ut
1447 2355 1556 2423 luerit

318 2470 491 2542 Romanis
509 2468 661 2560 propria,
683 2469 744 2537 sed
765 2485 802 2535 ut
817 2467 852 2534 in
868 2489 965 2536 more
976 2467 1165 2555 majorum,
1179 2466 1418 2560 institutoque
1433 2470 1555 2559 posita

316 2589 372 2657 sit.

361 2700 528 2793 Scriptori
538 2700 634 2769 enirn
645 2700 819 2779 Romano,
834 2696 894 2787 qui
919 2698 1017 2782 quod
1030 2698 1186 2790 legerent
1201 2698 1355 2767 Romani
1379 2716 1552 2783 narraret,

317 2821 352 2889 in
370 2835 523 2886 mentem
547 2814 664 2884 venire
688 2835 757 2882 non
782 2830 917 2904 poterat
944 2813 1094 2903 legentes
1110 2813 1298 2882 admonere
1324 2830 1361 2881 ut
1386 2813 1429 2882 de
1453 2837 1555 2885 more

319 2939 494 3017 Roman0‚
511 2954 579 3000 non
592 2948 709 2999 autem
726 2929 768 2997 de
781 2951 878 2997 more
892 2928 1031 2999 Graeco
1052 2927 1251 2997 aliorumve
1267 2930 1480 3019 populorum
1494 2931 1553 3022 agi

318 3053 544 3122 adverterent.
561 3046 712 3138 Scripsit
728 3068 857 3114 «more
875 3047 1039 3114 Romano
1057 3072 1072 3109 u
1089 3045 1190 3134 quasi
1206 3043 1403 3135 scripsisset
1420 3073 1435 3110 a
1451 3069 1554 3115 more

316 3168 426 3260 patrio
440 3193 455 3230 n
471 3166 526 3235 vel
544 3193 560 3230 a
574 3186 673 3232 more
685 3162 856 3251 majorum
869 3188 899 3230 n.
913 3163 964 3230 De
977 3183 1048 3248 quo
1062 3183 1146 3228 sane
1161 3161 1302 3228 nullum
1317 3161 1382 3230 etit
1396 3160 1553 3233 dubium

318 3280 515 3354 recordanti
542 3303 606 3348 sua
622 3279 740 3370 ipsum
760 3278 864 3347 verba
881 3299 952 3344 non
968 3276 1069 3344 aliter
1084 3298 1158 3344 esse
1174 3276 1452 3367 interpretatum,
1469 3299 1552 3345 cum

317 3401 491 3473 Catonem
514 3397 691 3465 induceret
720 3410 895 3484 petentem
920 3409 958 3460 ut
984 3415 1047 3482 per
1081 3393 1259 3460 consulem
1289 3392 1332 3461 de
1359 3393 1553 3482 conjuratis

318 3539 404 3585 more
420 3520 581 3604 majorum
602 3509 814 3601 supplicium
830 3524 1027 3577 sumeretur
1041 3507 1098 3594 (6).

363 3635 458 3724 Ergo
482 3653 536 3698 res
561 3645 634 3697 erat
663 3626 698 3695 in
725 3649 793 3694 usu
816 3623 1047 3712 moribusque
1074 3623 1316 3715 Reipublicae,
1335 3645 1445 3713 eoque
1472 3622 1553 3714 ipso

318 3767 445 3818 certam
462 3764 566 3836 atque
583 3742 776 3836 legitimam
789 3741 918 3810 habeas
932 3739 1030 3807 illam
1048 3761 1191 3808 necesse
1203 3757 1264 3807 est.

353 3999 395 4069 (ι)
412 3997 456 4052 Ex
472 3994 532 4050 illis
553 4007 598 4050 est
614 3993 666 4066 qui
684 3991 745 4048 Titi
764 3989 842 4046 Livii
861 3988 973 4044 librum
989 3987 1295 4067 sextumannotavit,
1313 3987 1449 4068 inopere
1465 3987 1551 4043 dicto

319 4068 516 4148 Bibliotheque
540 4065 627 4122 latine
656 4081 726 4119 avec
754 4062 782 4118 la
809 4059 982 4118 traduction
1004 4057 1153 4130 francatse
1176 4076 1247 4114 sous
1270 4058 1299 4114 la
1326 4059 1479 4114 direction
1513 4059 1551 4114 de

320 4138 565 4284 M(2i)TiiiSliiii,
577 4208 629 4276 Vl,
639 4223 689 4286 ,¹9·
700 4237 736 4247 -
747 4202 924 4260 Notandum
940 4202 999 4257 hoc
1010 4214 1055 4258 est
1075 4219 1144 4257 cum
1154 4238 1157 4244 a
1167 4199 1333 4256 Theodoro
1354 4200 1529 4255 Mommsen
1542 4217 1550 4256 :

318 4305 332 4335 α
351 4284 408 4337 Les
441 4280 517 4337 leins
555 4295 678 4334 ouvotrs
699 4273 1231 4346 sonttoujoursdonne'sentermes
1272 4271 1415 4340 ene'taux,
1432 4288 1471 4326 en
1490 4289 1550 4326 vue

320 4356 357 4411 de
373 4300 517 4410 deliendre
531 4297 623 4406 iEtat
646 4361 674 4404 et
691 4349 727 4403 de
749 4344 930 4419 l'empecher
950 4345 987 4400 de
1004 4344 1088 4400 subit
1104 4344 1144 4399 du
1155 4289 1321 4416 pre'jutiice.
1338 4341 1489 4397 »Mannel
1501 4342 1552 4397 des

319 4425 473 4500 antiquite‘s
484 4423 641 4492 romaines,
658 4432 726 4490 etc.,
743 4419 810 4487 Vll,
827 4435 857 4490 p.
871 4417 939 4488 476.
986 4485 992 4496 ·

354 4498 396 4570 (3)
413 4499 436 4553 E
452 4493 582 4568 Tarpeia
598 4509 671 4566 rupe
683 4507 827 4565 praeceps
843 4488 932 4544 datus
950 4485 1007 4542 fuit
1027 4503 1107 4542 anno
1125 4485 1180 4558 369
1197 4485 1235 4544 U.
1256 4485 1291 4540 C.
1305 4483 1374 4556 (384
1399 4502 1426 4540 a.
1444 4484 1459 4541 J
1465 4483 1550 4555 .-C.).

355 4573 397 4636 (4)
411 4568 512 4637 Catil,
529 4565 637 4622 XXIX.
699 4633 704 4643 Ι
859 4631 866 4644 ⁰

353 4642 393 4709 (5)
409 4642 455 4697 Ex
470 4638 536 4696 istis
552 4649 598 4693 est
612 4636 757 4704 Amorne,
770 4635 822 4692 loc.
838 4640 885 4688 cte.

356 4714 395 4786 (a)
410 4711 509 4782 aaut,
528 4710 593 4765 uu.
