3725 6050
358 1022 510 1112 -1Neque
528 1021 628 1091 aliter
649 1043 688 1092 ac
705 1022 893 1094 Sallustius
908 1023 1028 1106 sensit,
1044 1023 1247 1095 Ciceronem
1257 1023 1403 1092 sensisse
1424 1023 1459 1101 in
1482 1045 1569 1093 con-

336 1137 429 1235 ⁸sesso
444 1155 507 1221 est,
523 1162 592 1207 non
607 1141 850 1209 tantummodo
873 1158 1044 1232 cumpost
1059 1163 1261 1232 oppressam
1283 1140 1566 1229 conjurationem

336 1277 401 1346 pro
412 1278 450 1323 se
467 1254 538 1346 ipse
555 1256 697 1341 diceret,
709 1258 768 1325 sed
780 1278 862 1325 cum
873 1258 914 1326 de
928 1280 970 1325 eo
986 1281 1005 1326 a
1020 1258 1123 1348 culpa
1139 1257 1317 1326 liberando
1330 1279 1568 1349 nequaquam

336 1388 507 1463 ageretur.
527 1373 569 1441 ln
592 1395 655 1441 sua
679 1372 775 1442 enim
791 1396 861 1464 pro
885 1373 1037 1443 Rabirio
1057 1372 1177 1443 habita
1200 1374 1357 1444 oratione
1387 1374 1566 1443 contendit

334 1511 435 1558 reum
454 1489 529 1578 jure
553 1511 648 1557 arma
675 1490 864 1580 sumpsisse
888 1508 1011 1560 contra
1033 1490 1279 1572 Saturninum,
1297 1512 1408 1580 quum
1429 1490 1565 1559 factum

334 1622 423 1675 esset
442 1608 819 1675 «senatusconsultum
839 1623 879 1675 ut
903 1607 944 1677 C.
967 1608 1113 1691 Marius,
1136 1609 1177 1676 L.
1195 1605 1367 1686 Valerius,
1385 1607 1564 1704 consuleS,

334 1722 539 1791 adhiberent
553 1722 714 1791 tribunos
730 1722 841 1814 plebis
857 1740 891 1792 et
904 1741 1097 1814 praetores,
1112 1747 1205 1817 quos
1219 1722 1266 1792 eis
1278 1722 1466 1807 videretur,
1481 1746 1564 1815 ope*

335 1862 483 1930 tamque
498 1841 623 1907 darent
638 1855 678 1907 ut
694 1838 875 1930 imperium
889 1841 1009 1932 populi
1022 1844 1156 1910 romani
1167 1820 1400 1933 majestasque
1420 1862 1563 1921 conser-

334 1973 471 2024 varetur
489 1958 533 2043 (t)
549 1984 581 2024 ».

379 2072 504 2162 Neque
519 2072 750 2142 omittendum
765 2073 854 2142 hanc
866 2072 1063 2142 orationem
1074 2074 1170 2165 apud
1184 2073 1356 2164 populum
1371 2095 1444 2143 esse
1460 2073 1562 2143 habi·

333 2205 421 2266 tam;
461 2212 502 2257 ex
538 2211 607 2278 quo
642 2190 679 2257 fit
714 2208 750 2257 ut
777 2190 948 2273 omnium,
981 2189 1044 2282 qui
1075 2213 1141 2281 pro
1177 2212 1237 2259 reo
1266 2212 1431 2281 unquam
1460 2190 1561 2258 dixe·

332 2304 415 2388 rint,
441 2305 670 2396 ineptissimus
693 2305 817 2377 Cicero
846 2306 1017 2375 videndus
1040 2324 1139 2391 esset,
1156 2306 1184 2375 si
1213 2307 1561 2387 senatusconsultum

331 2422 496 2491 ultimum
523 2422 718 2514 legitimum
740 2446 827 2503 esse,
858 2440 977 2513 utpote
1005 2425 1101 2515 quod
1132 2424 1209 2512 jura
1242 2423 1363 2514 populi
1393 2423 1560 2508 laederet,

332 2539 501 2608 incertum
523 2541 578 2609 vel
598 2540 739 2608 minime
762 2540 953 2609 habuisset.
976 2541 1082 2611 Nulla
1105 2540 1199 2608 enim
1232 2540 1301 2608 alia
1320 2537 1441 2608 suisset
1464 2538 1560 2608 ratio

331 2656 454 2745 viaque
468 2656 595 2724 certior
609 2656 653 2724 ad
667 2656 864 2724 faciendum
873 2672 924 2739 ut,
940 2679 1046 2746 quem
1066 2656 1141 2747 ipse
1163 2654 1375 2738 defenderet,
1400 2656 1557 2747 populus

331 2772 525 2841 damnaret.
538 2772 656 2861 Quam
669 2774 782 2841 multo
798 2772 1010 2864 prudentius
1023 2772 1171 2863 probare
1187 2771 1361 2861 judicibus
1373 2788 1556 2855 tentasset,

331 2906 368 2955 ut
390 2887 485 2979 apud
504 2911 574 2971 eos,
590 2887 649 2977 qui
664 2888 818 2979 primum
833 2890 1081 2977 judicaverant,
1098 2888 1226 2957 fecerat
1242 2886 1470 2970 Hortensius,
1487 2910 1556 2956 non

259 3044 262 3049 ·
330 3004 487 3075 occisum
500 3029 576 3075 esse
589 3028 609 3074 a
623 3006 663 3076 C.
683 3005 828 3076 Rabirio
843 3008 883 3076 L.
899 3005 1153 3078 Saturninum!

335 3180 338 3185 .
376 3122 566 3206 Posterius,
588 3121 722 3210 aliquot
744 3124 845 3192 annis
868 3140 947 3213 post
972 3123 1144 3194 Catilinae
1167 3121 1453 3212 conjurationem,
1476 3143 1556 3190 cum

328 3262 390 3331 pro
406 3239 540 3308 Milone
555 3239 694 3322 diceret,
717 3240 959 3309 exclamabat:
980 3267 995 3302 a
1019 3237 1111 3329 Quis
1130 3240 1195 3308 hoc
1214 3240 1332 3308 credat
1352 3238 1421 3310 Cn.
1443 3239 1558 3307 Porn-

328 3357 447 3447 peium
459 3355 555 3448 juris
564 3355 710 3446 publici,
722 3355 831 3424 moris
844 3356 1032 3448 majorum,
1051 3356 1105 3424 rei
1123 3355 1268 3448 denique
1283 3354 1442 3446 publicae
1456 3353 1558 3446 peri-

328 3474 514 3554 tissimum,
537 3495 617 3541 cum
638 3484 778 3540 senatus
806 3457 836 3540 ei
862 3472 1076 3541 commiserit
1100 3489 1138 3542 ut
1164 3472 1308 3555 videret,
1321 3494 1364 3540 ne
1391 3471 1474 3560 quid
1500 3493 1561 3539 res*

328 3591 467 3682 publica
498 3588 692 3658 detrimenti
718 3605 866 3684 caperet,
897 3613 965 3681 quo
996 3612 1063 3657 uno
1096 3589 1270 3657 versiculo
1299 3586 1390 3676 satis
1420 3587 1557 3655 armati

325 3730 459 3798 semper
473 3705 912 3795 consulessuerunt,etiam
928 3705 1037 3773 nullis
1053 3704 1160 3773 armis
1173 3704 1378 3789 datiS,hunc
1389 3702 1553 3790 exercitu,

328 3826 421 3892 hunc
438 3824 574 3892 delectu
591 3827 685 3907 dato,
701 3821 870 3911 judicium
886 3840 1169 3914 exspectaturum
1191 3821 1301 3889 fuisse
1323 3820 1360 3890 in
1377 3821 1453 3910 ejus
1467 3842 1554 3888 con-

327 3940 412 4009 siliis
424 3938 655 4021 vindicandis,
674 3939 731 4028 qui
746 3938 778 4006 vi
796 3938 924 4028 judicia
942 3939 1016 4030 ipsa
1030 3940 1166 4008 tolleret
1179 3938 1224 4028 (3)
1242 3939 1253 4006 ἒ
1269 3965 1285 4000 »

327 4114 387 4166 tur,
400 4119 436 4155 eo
448 4099 515 4172 ipso
531 4098 747 4172 interpolatum
758 4100 1026 4172 atquedelendum
1042 4098 1233 4173 pronuntias.
1251 4099 1320 4167 Quo
1333 4091 1466 4171 quidem,
1484 4113 1553 4154 cum

328 4172 403 4227 nihil
417 4172 455 4227 sit
477 4169 607 4238 facilius,
624 4170 698 4225 nihil
722 4171 811 4226 simul
830 4171 952 4227 clariori
973 4173 1157 4227 documento
1180 4185 1225 4227 est
1241 4185 1268 4226 te
1286 4170 1416 4226 maxima
1439 4188 1505 4226 esse
1521 4169 1561 4233 in,

326 4244 513 4312 dillicultate,
524 4242 660 4313 nihilque
673 4242 783 4297 habero
798 4244 880 4315 quod
895 4244 1090 4316 respondeas.
1100 4245 1145 4297 Eo
1162 4242 1278 4298 accedit
1291 4254 1323 4297 ut
1333 4241 1473 4297 Willems
1490 4259 1553 4296 non

326 4314 405 4396 hunc
422 4328 539 4400 tantum
553 4312 689 4396 Sallustii
704 4314 873 4397 locum,sed
885 4328 982 4394 totum
996 4318 1060 4385 ejus
1072 4315 1182 4369 librum
1198 4314 1305 4369 tollere
1317 4326 1452 4438 copatur.
1462 4315 1552 4382 Nam,

326 4404 357 4442 rn
372 4400 436 4443 toto
453 4387 489 4440 de
504 4385 710 4459 Consurottone
724 4385 867 4442 Cattlmae
884 4386 974 4455 hbr0,
992 4404 1028 4440 ex
1051 4383 1316 4441 senatusconsulto
1338 4403 1357 4439 u
1372 4398 1445 4439 nmo
1469 4402 1553 4440 sum-

325 4477 403 4513 mam
419 4457 512 4512 luisse
528 4456 647 4511 consuli
661 4470 842 4528 potestatem
858 4475 947 4512 nemo
962 4471 1006 4513 est
1023 4457 1073 4529 qui
1088 4474 1198 4530 negare
1209 4455 1282 4511 velit
1293 4454 1367 4529 quin
1383 4454 1562 4528 legitimum,-

326 4529 485 4584 Sallustius
502 4527 621 4583 habeat.
649 4530 723 4582 Rem
737 4528 848 4584 fatetur
873 4529 938 4601 ipso
953 4530 1134 4598 Mommsen,
1149 4528 1280 4600 ideoque
1306 4528 1389 4599 quod
1411 4526 1552 4583 Willems

326 4601 437 4656 sentire
450 4618 540 4655 ausus
556 4613 611 4666 est,
627 4612 774 4655 memorat
790 4600 923 4672 quidem,
939 4601 992 4655 sed
1008 4613 1209 4656 memoratum
1223 4598 1364 4673 neglegit.

361 4674 396 4744 (1)
416 4673 475 4728 Pro
490 4672 609 4727 Rabirio
620 4673 703 4744 perd.
720 4689 758 4743 r„
774 4673 829 4726 Vll
847 4684 876 4726 et
888 4673 971 4727 Vlll.

358 4752 397 4811 (a)
419 4745 476 4798 Pro
491 4743 613 4814 Milone,
628 4743 736 4800 XXVI.

340 4816 400 4889 ,(3)
420 4817 479 4871 Pro
494 4815 615 4887 Milone,
629 4815 737 4869 XXVI.
