3725 6050
293 985 364 1053 cius
382 985 458 1053 Rex
474 1002 507 1053 et
524 986 685 1053 Metellus
702 985 874 1067 Creticus,
899 986 958 1075 qui
972 987 1016 1054 ad
1031 986 1159 1055 urbem
1182 988 1427 1077 exspectabant
1440 988 1528 1055 dum

293 1101 559 1189 triumpharent,
573 1101 743 1192 proficisci
753 1102 797 1170 ad
812 1102 957 1184 bellum,
969 1102 1024 1170 ille
1040 1101 1075 1169 in
1090 1101 1283 1181 Etruriam,
1301 1102 1358 1170 bic
1374 1103 1409 1170 in
1422 1104 1528 1192 Apu-

295 1215 508 1285 liam.Simul
524 1216 824 1307 missipraetores,
837 1217 1030 1307 Pompeius
1040 1218 1156 1287 Rufus
1172 1217 1348 1308 Capuam,
1364 1218 1528 1287 Metellus

297 1330 399 1401 Celer
412 1332 448 1398 in
465 1354 585 1422 agrum
598 1332 776 1420 Picenum,
793 1337 919 1424 eisque
943 1319 1159 1423 permissum
1175 1350 1227 1419 ut,
1244 1356 1308 1423 pro
1327 1350 1482 1423 tempore
1496 1349 1528 1401 et

296 1446 462 1535 periculo,
481 1446 624 1516 collecto
639 1447 763 1532 milite,
780 1448 966 1516 exercitum
982 1465 1241 1539 compararent.

345 1562 452 1630 Domi
466 1585 548 1631 vero
562 1579 705 1631 cautum
713 1580 762 1632 est
775 1581 814 1631 ut
825 1586 887 1655 per
902 1581 1013 1633 totam
1028 1563 1149 1633 urbem
1166 1563 1302 1655 vigiliae
1321 1564 1529 1634 haberentur

297 1677 414 1767 eisque
431 1678 587 1747 minores
603 1660 807 1769 praeessent
824 1680 1070 1771 magistratus;
1084 1680 1113 1747 si
1128 1681 1206 1769 quis
1219 1697 1337 1749 autem
1346 1680 1529 1747 indicasset

297 1794 339 1860 de
354 1794 599 1883 conjuratione,
611 1815 703 1881 quae
717 1812 843 1864 contra
857 1817 931 1864 rem
946 1796 1124 1886 publicam
1133 1795 1221 1864 facta
1234 1812 1318 1882 erat,
1328 1780 1527 1886 praemium

296 1908 367 1978 fore
391 1932 491 1977 servo
506 1910 702 1978 libertatem
728 1926 761 1979 et
782 1911 942 1979 sestertia
965 1927 1120 1995 centum,
1144 1911 1251 1979 libero
1280 1909 1528 2001 impunitatem

298 2025 371 2113 ejus
384 2025 432 2092 rei
450 2043 483 2093 et
496 2025 650 2093 sestertia
666 2025 813 2094 ducenta
829 2049 867 2095 ex
879 2027 1187 2094 senatusconsulto
1213 2027 1448 2095 constitutum
1464 2044 1524 2094 est.

344 2142 471 2229 Neque
496 2140 569 2231 ipse
590 2140 737 2211 Catilina
760 2142 905 2211 sedebat
925 2142 1026 2210 iners.
1048 2142 1119 2212 Ubi
1143 2142 1236 2210 enim
1255 2160 1376 2232 parata
1400 2160 1527 2210 cuncta

300 2273 394 2341 sunt,
417 2255 621 2324 convocatis
649 2257 693 2325 ad
720 2257 890 2338 Porcium
917 2259 1068 2326 Laecam
1095 2257 1222 2345 quibus
1250 2258 1382 2347 primae
1416 2275 1528 2347 partes
1610 2251 1614 2256 ’

299 2388 399 2440 erant
440 2373 475 2439 in
512 2371 771 2461 conjuratione,
804 2372 930 2441 ultima
972 2374 1129 2457 mandat,
1158 2373 1364 2461 nuntiatque
1403 2396 1437 2440 se
1474 2372 1527 2439 die

299 2487 458 2577 sequenti
474 2488 586 2555 Roma
602 2487 792 2572 exiturum,
808 2504 847 2555 ut
860 2487 1033 2555 Malliano
1047 2487 1150 2555 militi
1164 2509 1200 2555 se
1219 2488 1345 2556 ducem
1361 2504 1524 2577 praestet,
1603 2473 1605 2477 ⁵

298 2624 413 2693 neque
443 2618 559 2671 tamen
588 2602 783 2692 tranquillo
814 2603 1006 2692 fidentique
1037 2604 1153 2671 anirno
1174 2603 1427 2698 profecturum
1461 2602 1524 2670 nisi

299 2735 398 2785 antea
414 2716 538 2788 Cicero
555 2716 701 2787 emedio
718 2717 878 2787 sublatus
890 2717 1004 2787 fuerit.

344 2835 419 2903 Nec
442 2855 548 2901 mora.
573 2835 664 2902 Rem
687 2833 881 2923 suscipiunt
899 2833 1068 2925 agendam
1093 2832 1284 2903 Cornelius
1310 2850 1342 2902 et
1365 2835 1527 2924 Vargun-

297 2948 406 3030 teius,
423 2949 468 3017 ita
483 2948 631 3040 quidem
646 2965 684 3016 ut
703 2949 780 3039 ipso
796 2971 901 3017 mane
917 2931 1115 3042 surgentem
1134 2950 1222 3017 lecto
1239 2950 1419 3017 consulem
1431 2949 1526 3017 domi

298 3063 509 3134 interficiant
525 3067 584 3154 (r).

345 3181 408 3249 Illa
432 3198 549 3249 autern
571 3180 706 3267 omnia,
730 3203 768 3249 ea
794 3184 868 3270 ipsa
889 3197 989 3249 nocte
1015 3203 1084 3270 qua
1107 3180 1197 3248 facta
1219 3197 1314 3265 sunt,
1336 3197 1415 3249 ante
1435 3181 1524 3248 diem

299 3296 502 3386 septimam.
520 3297 745 3381 Novembris,
775 3297 903 3385 accepit
937 3318 956 3364 a
984 3296 1108 3364 Fulvia
1133 3295 1256 3363 consul
1284 3313 1316 3375 et
1349 3312 1526 3385 comperta

297 3412 429 3480 habuit.
446 3411 571 3482 Statim
589 3411 696 3503 igitur
711 3412 858 3480 domum
879 3434 982 3480 suam
996 3411 1192 3500 majoribus
1207 3411 1395 3501 praesidiis
1410 3412 1526 3479 muni·
1607 3414 1613 3423 '

297 3528 358 3612 vit,
383 3545 491 3618 atque
517 3526 724 3597 Cornelium
749 3546 783 3596 et
807 3527 1080 3619 Vargunteium,
1109 3549 1222 3617 quum
1250 3526 1294 3594 ad
1321 3549 1401 3595 eum
1428 3526 1526 3594 sicuti

297 3644 485 3712 salutatum
502 3661 686 3722 venerunt,
702 3644 807 3732 janua
823 3642 1003 3734 prohibuit
1022 3660 1054 3711 et
1073 3643 1234 3711 exclusos
1249 3642 1392 3710 dimisit.

343 3759 481 3829 Deinde
508 3777 668 3829 senatum
696 3759 804 3850 coegit
822 3759 876 3828 cui
899 3781 976 3826 rem
993 3759 1201 3848 patefaceret
1215 3786 1223 3839 ;
1237 3758 1386 3849 coegisse
1406 3773 1523 3825 autem

296 3878 369 3968 ipsa
404 3876 524 3946 eadem
555 3876 608 3944 die
641 3876 784 3966 septima
817 3876 1035 3946 Novembris
1058 3875 1118 3944 alii
1147 3876 1355 3954 existimant,
1383 3873 1442 3941 alii
1468 3874 1522 3941 die

296 4011 431 4084 postera
452 3997 508 4082 (a).
533 3994 720 4064 Convocati
744 4010 827 4062 sunt
849 3993 956 4085 igitur
980 3997 1105 4062 Patres
1130 3993 1165 4061 in
1188 3994 1310 4062 aedem
1331 3992 1426 4061 Jovis
1448 3991 1524 4063 Sta·

297 4176 388 4236 atque
402 4163 432 4218 in
453 4162 575 4218 Etruria
588 4181 671 4218 arma
686 4162 830 4219 movisset
848 4163 985 4223 Mallius.
1006 4163 1040 4217 In
1056 4180 1116 4235 quo
1132 4179 1231 4217 errare
1245 4179 1314 4217 eum
1330 4161 1524 4217 manifestum

298 4247 342 4291 est
357 4234 404 4289 vel
420 4252 456 4290 ex
471 4234 646 4304 Plutarch0,
663 4234 765 4307 quiex
787 4234 904 4304 ordine,
927 4233 1114 4289 conservatis
1129 4233 1303 4305 notatisque
1323 4232 1522 4305 temporibus,

297 4318 405 4361 cuncta
420 4305 471 4362 illa
487 4304 622 4378 exponit.

333 4378 453 4448 (1)N0n
464 4376 642 4433 Cornelium
657 4393 755 4448 neque
768 4376 988 4449 Vargunteium
1003 4375 1141 4431 nominat
1156 4375 1334 4430 Plutarchus
1348 4374 1432 4446 (Cia,
1442 4376 1523 4442 XVI)

296 4448 349 4503 sed
370 4448 519 4504 Marcium
538 4460 567 4503 et
587 4447 766 4519 Cethegum.
790 4447 897 4502 Cicero
911 4459 1012 4502 autem
1037 4447 1067 4518 (I
1080 4450 1156 4515 Cal,
1178 4447 1241 4517 lV),
1258 4445 1402 4520 neglectis
1423 4447 1523 4501 uomi-

295 4517 395 4588 nibus,
412 4519 486 4575 dicit
505 4522 624 4576 tantum
645 4519 722 4574 duos
743 4518 860 4590 equites
881 4536 1025 4573 romanos
1046 4518 1174 4573 domum
1193 4535 1279 4572 suam
1298 4517 1418 4572 venisse
1437 4530 1470 4572 ut
1491 4535 1522 4572 se

296 4589 505 4646 confoderent.
524 4589 686 4646 Sallustius
706 4607 778 4644 vero
798 4590 887 4645 docet
908 4589 1086 4645 Cornelium
1109 4588 1202 4645 fuisse
1222 4588 1366 4661 equitem,
1389 4589 1523 4661 Vargun-

297 4660 392 4716 teium
413 4678 484 4717 vero
506 4673 687 4717 senatorem.
704 4660 854 4715 Videntur
883 4660 1018 4715 consulis
1038 4660 1118 4717 vitae
1141 4678 1203 4714 non
1225 4659 1318 4715 semel
1340 4658 1436 4714 factae
1456 4676 1521 4714 esse

296 4731 436 4858 {nsidiae
461 4733 535 4789 Inde
560 4731 688 4788 forsitan
714 4749 777 4787 non
802 4731 907 4787 eadem
932 4733 969 4788 ab
994 4731 1139 4788 omnibus
1163 4730 1287 4787 nomina
1313 4729 1413 4785 afferri
1435 4729 1523 4784 intel-

308 4820 415 4859 exeris.

332 4874 371 4946 (a)
402 4875 480 4930 Cum
498 4873 651 4948 prioribus
672 4872 763 4929 sentit
785 4873 986 4942 Thiaucourt,
1011 4886 1044 4929 ut
1059 4887 1154 4928 unum
1180 4871 1324 4929 enostris
1340 4882 1522 4943 nostraeque

297 4943 404 5002 aetatis
419 4958 538 5002 tanturn
553 4945 714 5019 appellem.
730 4945 770 5017 (E
772 4945 837 5002 tude
849 4943 943 5002 surda
956 4945 1134 5016 conjuration
1147 4944 1183 5000 de
1194 4941 1321 5002 Catilina
1331 4942 1367 4998 de
1376 4939 1522 5015 Salluste.)
