3725 6050
872 684 1068 755 ..15-

404 861 529 950 Neque
552 857 761 947 ajudicibus
782 858 1023 950 quaestionum
1044 870 1294 950 perpetuarum
1313 859 1485 951 appellari
1506 861 1594 929 soli-

357 995 434 1044 tum
467 992 530 1042 est.
563 977 688 1042 Fuerat
724 973 837 1065 prima
875 972 1113 1065 quaestionum
1142 974 1284 1044 illarum
1319 975 1394 1068 lege
1431 977 1591 1067 quadam

358 1091 400 1164 C.
413 1089 596 1180 Calpurnii
620 1088 758 1157 Pisonis
781 1088 940 1158 instituta
963 1091 1045 1180 (147
1068 1111 1101 1158 a.
1122 1090 1245 1179 J.·C.).
1270 1092 1358 1160 Mox
1380 1113 1461 1161 vero
1483 1091 1534 1161 ita
1556 1094 1592 1162 in

357 1205 650 1276 consuetudinem
678 1221 853 1273 venerunt
879 1222 927 1290 ut,
959 1205 992 1275 vi
1020 1224 1054 1274 et
1079 1221 1249 1295 potestate
1274 1207 1385 1297 magis
1418 1224 1452 1276 et
1477 1208 1592 1299 magis

356 1339 471 1406 aucta,
490 1322 525 1390 in
547 1319 692 1411 publicis
715 1319 853 1408 judiciis
877 1321 1079 1390 exercendis
1101 1321 1267 1412 primario
1290 1321 1361 1391 fere
1383 1324 1460 1392 loco
1483 1322 1592 1393 fuisse

360 1437 541 1506 rideantur
555 1439 612 1524 (t).

371 1537 379 1550 '
405 1544 509 1634 Quas
523 1543 597 1611 sine
608 1542 855 1632 provocatione
871 1542 1076 1611 sententiam
1090 1544 1227 1629 tulisse,
1243 1544 1309 1613 hoc
1321 1544 1446 1613 indicio
1460 1545 1592 1614 haben·

358 1661 444 1728 dum
467 1678 519 1727 est
538 1660 735 1726 Antonium
760 1674 923 1756 conatum
944 1657 1055 1727 fuisse
1073 1677 1109 1727 ut
1129 1660 1331 1749 provocatio
1352 1660 1389 1728 in
1411 1662 1592 1750 quaestio-

359 1775 464 1844 nibus
481 1772 525 1843 de
543 1774 577 1842 vi
596 1780 628 1842 et
645 1774 827 1863 majestate
846 1774 1097 1842 admitteretur
1117 1775 1175 1864 (2).
1191 1775 1315 1867 Atqui,
1333 1776 1362 1845 si
1381 1776 1423 1844 de
1442 1776 1590 1846 crimine

360 1889 456 1982 grati
475 1909 642 1982 ageretur,
659 1911 717 1958 reo
742 1890 909 1958 damnato
924 1911 1014 1977 aqua
1030 1909 1064 1959 et
1083 1889 1156 1982 igni
1178 1889 1385 1960 interdicere
1403 1891 1482 1961 illae
1508 1915 1593 1961 con-

360 2005 613 2090 sueverunt-¹3).

403 2121 484 2212 Qua
506 2143 618 2212 poena
639 2137 742 2210 caput
764 2142 838 2189 esse
865 2120 940 2208 jure
968 2120 1197 2207 deminutum,
1216 2135 1256 2189 ut
1277 2122 1319 2190 dc
1338 2139 1450 2192 aetate
1470 2122 1592 2214 impe-

360 2255 518 2308 ratorum
546 2253 680 2306 certum
716 2252 780 2317 est,
814 2235 860 2304 ita
888 2237 930 2304 de
959 2237 1172 2327 temporibus
1200 2261 1291 2328 quae
1322 2255 1424 2307 antea
1450 2238 1593 2310 fuerunt

361 2352 690 2443 probabilissimum.
709 2352 892 2433 Ceterum,
918 2352 948 2420 si
970 2353 1024 2441 jus
1045 2352 1159 2443 ipsum
1183 2353 1356 2438 omiseris,
1383 2377 1419 2422 re
1445 2356 1593 2445 quidem

361 2470 457 2538 nullo
487 2470 594 2536 modo
625 2491 728 2560 neges
755 2491 849 2553 eum,
876 2468 931 2536 cui
959 2490 1052 2557 aqua
1079 2485 1113 2536 et
1139 2468 1211 2560 igni
1240 2469 1288 2537 sic
1312 2469 1590 2551 interdiceretur,

360 2586 493 2655 civitate
515 2607 558 2653 eo
580 2583 812 2675 ipsoprivari,
830 2582 1015 2675 quodiam
1037 2583 1183 2652 minime
1199 2584 1259 2652 illa
1273 2584 1323 2653 uti
1342 2602 1467 2673 posset.
1487 2587 1593 2655 Hanc

362 2702 468 2792 igitur
481 2721 628 2790 poenam
652 2699 710 2767 illa
725 2698 910 2781 contineri,
931 2700 1055 2767 saltem
1076 2715 1113 2767 ut
1133 2722 1237 2768 causa
1258 2699 1375 2789 aliqua
1394 2700 1594 2770 continetur

362 2816 395 2885 id
410 2817 508 2902 quod
523 2813 653 2905 pendet
667 2836 706 2882 ex
722 2814 795 2897 illa,
813 2835 915 2882 nemo
930 2832 981 2883 est
996 2813 1058 2903 qui
1074 2837 1146 2883 non
1158 2813 1320 2883 fateatur.
1424 2857 1426 2861 v

408 2933 517 3000 Porro
532 2929 759 3000 amissionem
774 2930 921 2997 clvitatis
943 2953 1007 2998 seu
1020 2931 1140 3019 capitis
1158 2931 1594 3021 deminutionempoenam

361 3048 541 3138 capitalem
558 3047 712 3117 habitam
733 3070 808 3115 esse
832 3047 950 3136 liquet.
972 3046 1121 3137 Scripsit
1143 3047 1238 3115 enim
1263 3047 1462 3136 Ulpianus:
1483 3076 1499 3110 «
1524 3048 1593 3116 Rei

361 3163 519 3254 capitalis
535 3163 798 3232 damnationem
812 3163 861 3231 sic
876 3161 1029 3251 accipere
1049 3162 1214 3230 debemus
1230 3185 1355 3253 etqua
1371 3186 1476 3231 causa
1491 3164 1593 3231 dam-

363 3297 445 3348 nato
475 3279 526 3346 vel
555 3301 660 3364 mors,
687 3278 739 3346 vel
764 3279 864 3346 etiam
889 3266 1045 3345 civitatis
1064 3277 1220 3363 amissio,
1250 3279 1302 3346 vel
1332 3277 1478 3348 servitus
1507 3300 1595 3346 con·

364 3394 468 3485 tingit
489 3398 545 3482 (4).
570 3422 586 3457 »

409 3513 527 3580 Immo
543 3511 653 3600 legent
668 3509 808 3600 pertulit
824 3509 1014 3598 Pompeius
1037 3510 1094 3595 (54
1114 3531 1144 3577 a.
1166 3510 1184 3577 J
1191 3508 1273 3596 .·C.)
1291 3526 1330 3577 ut
1347 3510 1389 3577 de
1403 3510 1593 3599 parricidio

363 3743 443 3812 VIII,
461 3742 508 3812 89,
524 3741 575 3807 IX,
587 3758 635 3809 40,
651 3753 707 3799 etc.
722 3739 906 3820 Plerumque
921 3738 1065 3796 Pontifici
1080 3741 1214 3796 Maximo
1229 3759 1292 3796 rem
1308 3741 1442 3813 judicare
1453 3740 1595 3814 placebat

364 3815 401 3868 de
417 3810 538 3892 collegii
554 3810 703 3892 sententia
714 3828 721 3878 ;
734 3811 786 3866 sed
798 3829 827 3866 vt
842 3811 943 3884 legum
959 3811 1051 3883 judex
1065 3830 1144 3867 unus
1161 3826 1224 3868 erat
1239 3812 1434 3884 constitutus,
1450 3830 1595 3885 unusque

365 3881 883 4035 ,appplpgtequpqtctqlflratteqpiagpirbus
906 3952 967 4008 illis
982 3953 1137 4033 perpetuis
1158 3953 1285 4034 singulis
1309 3953 1595 4035 singula'quaedam

365 4038 517 4098 asstgnata
541 4024 635 4078 fuisse
656 4041 723 4094 quae
745 4024 963 4095 judicarentur,
981 4025 1097 4079 sedtsse
1120 4038 1220 4079 autem
1245 4043 1276 4080 tn
1297 4025 1442 4080 trtbunalt
1460 4025 1595 4098 judtcem

364 4110 393 4152 at
418 4114 454 4151 ue
471 4113 641 4151 assessores
657 4094 819 4166 quotannis
837 4096 1010 4150 mutandos.

397 4115 438 4240 it)
456 4168 511 4222 Cre
526 4209 533 4236 ,
546 4165 684 4238 Philipp,
696 4166 718 4234 I,
733 4183 760 4237 9.
776 4165 819 4220 De
835 4183 866 4220 re
882 4166 1025 4221 convenit
1039 4165 1116 4220 inter
1132 4184 1248 4222 omnes
1262 4167 1308 4222 Cf.
1325 4167 1544 4224 MalunCours
1558 4167 1596 4223 de

363 4238 439 4295 droit
453 4237 589 4307 Romat'n,
604 4250 636 4307 4⁰
656 4235 740 4303 e'dit,
758 4236 924 4306 Bruxelles,
946 4238 1028 4308 1876,
1046 4238 1115 4309 1,p.
1137 4241 1203 4308 ¹7⁵3
1226 4240 1392 4305 Monnseu,
1408 4237 1531 4292 Manuel
1544 4237 1596 4294 des

363 4310 463 4384 Antiq.
474 4311 571 4375 Rom„
584 4307 697 4363 traduit
713 4325 783 4362 sous
799 4307 986 4362 ladirection
1001 4309 1037 4362 de
1058 4309 1216 4378 llumbert,
1230 4310 1253 4378 Ι,
1267 4327 1332 4377 222,
1344 4316 1375 4362 n⁰
1385 4309 1402 4362 6
1413 4326 1420 4376 3
1432 4309 1593 4379 thnuns,

362 4382 404 4437 Le
419 4381 497 4436 droit
508 4380 594 4452 pubic
608 4377 731 4446 romain,
748 4378 892 4448 Louvain,
914 4379 998 4449 1874,
1013 4397 1041 4450 p.
1059 4379 1127 4434 338.

398 4452 441 4524 (3)
455 4450 693 4507 Adscribebatur
705 4467 803 4523 poena
819 4449 870 4504 illa
890 4448 1069 4506 crimInibus
1090 4450 1235 4523 incendii,
1252 4447 1403 4513 veneficiI‚
1421 4449 1592 4522 peculatus·

363 4523 505 4579 ambitus.
524 4554 561 4563 —
580 4520 627 4577 Cf.
645 4521 722 4586 th.,
739 4521 798 4576 Pro
815 4521 947 4587 Murena,
973 4522 1020 4585 23,
1043 4526 1095 4589 413
1116 4523 1232 4577 Vatuu.
1252 4523 1346 4589 Max„
1367 4522 1418 4590 Vl,
1437 4522 1464 4588 5,
1482 4521 1514 4590 33
1536 4521 1595 4577 Dto

364 4596 459 4658 Cass„
483 4594 637 4659 XXXVII,
655 4610 701 4664 29,
724 4592 833 4661 XLIII,
857 4610 904 4662 27.
922 4590 1057 4664 Singulis
1082 4590 1143 4647 illis
1166 4592 1345 4648 criminibus
1369 4591 1593 4664 cognoscendis

364 4665 511 4739 singulae,
530 4678 562 4720 ut
579 4664 766 4731 dictumest,
784 4662 942 4719 institutae
955 4663 1076 4719 fuerant
1094 4663 1289 4735 quaestiones
1304 4676 1478 4736 perpetuae.

386 4738 439 4819 Ι,(4)
455 4738 542 4862 Igne,
558 4736 681 4812 lragnt.
698 4752 713 4789 2
728 4751 772 4807 pr.
790 4734 838 4805 D,
851 4734 897 4791 De
907 4735 1020 4809 poenis,
1034 4735 1083 4805 48,
1101 4753 1149 4807 ¹95
1159 4752 1204 4808 pr.
1218 4753 1244 4804 2,
1258 4735 1306 4801 D,
1321 4734 1366 4790 De
1376 4733 1503 4807 publicis
1516 4732 1594 4805 iudi-

365 4825 460 4878 cns,4
484 4851 490 4875 ,
511 4825 535 4862 t.
