3725 6050
897 729 1067 779 ...2-

374 884 415 952 L.
430 882 596 951 Aurelius
611 881 728 967 Cotta,
744 882 784 950 L.
798 881 953 951 Manlius
967 884 1172 971 Torquatus
1183 885 1244 970 (1),
1257 881 1423 950 dicuntur
1437 880 1484 949 illi
1500 903 1607 950 cons·

371 997 507 1066 tituisse
522 1014 672 1065 mortem
691 996 747 1065 his
763 1020 803 1065 eo
814 997 888 1086 ipso
905 998 962 1066 die
979 997 1195 1066 inferendam
1209 1019 1279 1087 quo
1295 999 1523 1067 consulatum
1537 997 1606 1067 ini-

373 1132 462 1196 rent,
483 1113 565 1203 ipsis
579 1112 746 1181 Kalendis
762 1113 942 1181 ianuariis
957 1113 1101 1203 proximi
1117 1112 1197 1181 anni
1214 1113 1384 1206 (os-689).

417 1231 458 1299 ln
479 1230 601 1298 cadem
623 1252 711 1297 noxa
735 1228 802 1297 fuit
824 1228 984 1299 Catilina.
1009 1229 1102 1300 Cum
1122 1252 1206 1298 vero
1233 1228 1358 1298 indicia
1384 1233 1431 1299 rei
1445 1255 1605 1301 emanas-

372 1363 456 1433 sent,
471 1346 641 1434 firmoque
661 1365 744 1412 cum
755 1344 932 1435 praesidio
946 1345 991 1412 ad
1010 1344 1223 1436 Capitolium
1238 1345 1411 1415 venissent
1425 1350 1603 1434 consules,

371 1461 579 1552 perficiendo
604 1454 744 1550 incepto
770 1460 825 1528 via
846 1477 924 1528 tum
949 1483 1019 1528 non
1035 1462 1161 1551 patuit,
1191 1460 1297 1552 inque
1319 1462 1413 1529 diem
1441 1464 1604 1554 quintam

371 1576 552 1645 Februarii
576 1564 765 1644 consilium
783 1576 898 1643 caedis
919 1575 1125 1644 translatum
1153 1593 1217 1645 est.
1242 1575 1279 1647 Si
1293 1600 1347 1646 res
1364 1579 1508 1668 pulchre
1521 1596 1604 1648 tum

369 1693 505 1761 caderet
538 1713 727 1782 rerumque
758 1690 950 1779 potirentur
982 1691 1165 1779 conjurati,
1190 1692 1358 1762 Crassum
1390 1694 1602 1763 dictatorem

368 1807 528 1875 futurum
541 1806 662 1891 fuisse,
674 1806 859 1876 Caesarem
875 1829 958 1874 vero
981 1806 1191 1897 magistrum
1206 1809 1361 1897 equitum
1376 1826 1492 1877 narrat
1509 1808 1601 1881 Sue-

367 1922 487 1991 tonius
506 1925 565 2010 (2);
582 1922 772 1992 Sallustius
788 1938 904 1990 autem
922 1921 1023 1990 testis
1044 1940 1097 1991 est
1117 1922 1311 1994 Catilinam
1323 1942 1354 1992 et
1369 1926 1600 2011 Autronium,

367 2038 570 2107 consulibus
582 2037 784 2119 interfectis,
799 2036 908 2106 fasces
922 2037 989 2107 sibi
1005 2038 1110 2108 fuisse
1127 2057 1353 2129 correpturos
1363 2042 1420 2128 (3).

414 2156 465 2222 Ex
493 2176 563 2243 quo
587 2153 742 2225 Sallustii
774 2153 852 2222 loco
867 2153 1055 2224 verisimile
1079 2171 1130 2224 est
1161 2157 1203 2223 P.
1237 2156 1384 2245 Syllam,
1408 2174 1600 2247 postquam

367 2271 472 2339 inane
486 2286 650 2359 coeptum
665 2268 833 2338 Kalendis
849 2269 1022 2358 januariis
1038 2270 1218 2356 evasisset,
1231 2270 1341 2339 fracto
1357 2271 1489 2352 anim0,
1503 2273 1601 2344 Cati-

368 2386 458 2455 linae
477 2402 592 2476 partes
611 2385 765 2454 cessisse.

413 2503 544 2572 lterum
559 2524 656 2587 vero,
672 2501 726 2570 die
745 2502 848 2582 dicta,
867 2500 1049 2569 consilium
1067 2500 1287 2592 diremptum
1311 2518 1375 2585 est,
1398 2502 1485 2587 sive,
1510 2503 1599 2571 deli-

367 2616 479 2686 ciente
495 2617 634 2702 Crasso,
658 2618 799 2709 signum
814 2617 1048 2715 dareuCaesar
1062 2639 1133 2685 non
1149 2640 1259 2685 ausus
1274 2634 1338 2699 est,
1355 2634 1394 2685 ut
1410 2622 1456 2686 ait
1469 2616 1599 2688 Sueto·

367 2732 462 2817 nius,
478 2731 560 2811 sive,
588 2730 752 2801 Sallustio
778 2734 807 2801 si
834 2734 971 2801 credere
1000 2732 1114 2812 malis,
1146 2732 1297 2803 Catilina
1322 2734 1509 2803 maturavit
1532 2757 1597 2824 pro

366 2847 462 2915 curia
486 2847 626 2938 signum
643 2847 748 2916 sociis
768 2847 860 2929 dare,
879 2870 962 2916 cum
981 2849 1140 2916 nondum
1156 2848 1351 2938 frequentes
1367 2849 1597 2918 armati'con·

365 2962 554 3032 venissent.
575 2962 640 3032 1113
661 2963 787 3032 dicitur
801 2963 900 3055 prior
919 2964 1116 3053 conjuratio
1132 2963 1348 3036 Catilinaria.

411 3081 547 3148 Interea
564 3079 715 3149 Catilina
727 3079 763 3147 in
779 3080 906 3148 crimen
922 3081 1194 3171 repetundarum
1217 3080 1420 3164 vocabatur,
1439 3104 1508 3150 non
1524 3082 1597 3170 jam

366 3196 411 3266 ab
427 3195 613 3281 Africanis,
631 3195 691 3264 sed
717 3195 891 3280 aClodio,
909 3196 972 3287 qui
997 3219 1034 3263 se
1055 3197 1090 3264 in
1111 3219 1234 3264 eorum
1257 3197 1371 3265 locum
1396 3220 1436 3265 eo
1451 3196 1596 3266 consilio

365 3311 586 3380 constituisse
601 3310 738 3380 videtur
754 3328 791 3379 ut
805 3311 925 3379 minus
950 3311 1104 3402 graviter
1125 3334 1233 3400 quam
1251 3334 1314 3401 par
1328 3328 1419 3380 esset
1434 3335 1516 3381 curn
1533 3335 1595 3381 reo

364 3444 536 3518 ageretur.
548 3428 656 3496 Hunc
666 3426 789 3496 Cicero
799 3427 871 3517 ipse
883 3426 1071 3496 defendere
1081 3428 1342 3519 tumcogitabat
1351 3430 1407 3515 (4).
1422 3426 1596 3518 Sperabat

364 3543 461 3612 enim
478 3564 562 3610 cum
578 3564 629 3620 e0,
646 3542 673 3609 si
689 3541 818 3630 judicio
832 3541 1015 3612 absolutus
1030 3559 1131 3625 esset,
1148 3565 1220 3610 uno
1234 3560 1362 3612 conatu
1378 3567 1413 3612 se
1429 3545 1595 3612 consula·

365 3676 441 3726 tum
463 3657 656 3748 petiturum
680 3680 754 3726 esse
778 3657 814 3726 in
835 3657 986 3726 comitiis
1013 3658 1095 3726 anni
1121 3659 1168 3745 64
1191 3660 1271 3750 (690
1294 3661 1340 3729 U.
1362 3663 1417 3746 c.).
1452 3661 1504 3729 Re
1519 3661 1595 3750 ipsa

364 3790 482 3842 tamen
505 3796 575 3841 non
601 3772 772 3858 defendit,
788 3796 896 3863 quant
921 3774 967 3843 ob
992 3796 1139 3842 causam
1166 3774 1339 3843 incertum
1367 3791 1430 3844 est.
1455 3775 1594 3845 Causae

365 3905 682 3979 autempattonum
694 3889 824 3964 habere¹
835 3912 941 3957 ausus
952 3906 1003 3958 est
1015 3888 1408 3978 Catilinaillumipsum
1419 3891 1594 3960 Manlium

364 4006 585 4094 Torquatum
602 4004 798 4083 consulem,
814 4026 922 4094 quem
937 4005 1042 4095 paulo
1057 4021 1140 4074 ante
1156 4027 1241 4094 pene
1255 4004 1485 4074 interfecerat.

409 4119 522 4209 Culpa
540 4120 682 4190 tandem
704 4120 885 4202 liberatus,
900 4120 1103 4189 consulatui
1116 4121 1235 4189 statim
1249 4121 1390 4190 studere
1414 4144 1594 4212 aggressus

363 4251 426 4304 est.
451 4235 648 4304 Studebant
674 4253 791 4304 autem
819 4235 921 4304 simul
950 4236 1090 4304 Tullius
1119 4235 1245 4306 Cicero
1275 4252 1306 4303 et
1340 4236 1380 4306 C.
1412 4237 1592 4305 Antonius
1700 4291 1702 4295 .

365 4350 543 4441 Hybrida,
566 4351 676 4420 Marci
703 4351 845 4420 Antonii
869 4350 1014 4420 oratoris
1039 4350 1146 4432 filius,
1173 4351 1353 4443 illiusque,
1384 4352 1443 4441 qui
1470 4368 1592 4442 postea

397 4547 438 4618 (1)
455 4546 524 4603 Sine
542 4546 604 4601 ulla
620 4545 679 4601 alia
693 4546 851 4620 petitione,
867 4560 901 4603 ut
922 4547 1052 4617 videtur;
1076 4547 1166 4604 Cotta
1186 4561 1216 4604 et
1237 4548 1416 4621 Torquatus
1432 4549 1593 4606 consulum

362 4617 529 4673 evictorum
539 4617 659 4673 fuerant
670 4618 896 4692 competitores.

399 4690 441 4760 (2)
455 4688 574 4758 Caesar,
591 4707 618 4760 9.

397 4759 441 4904 pl}
455 4760 679 4830 Ca1i1.‚xvlll.

409 4849 426 4901 4
452 4831 499 4888 Ad
509 4831 609 4902 Attia,
625 4832 647 4902 l,
665 4849 692 4886 2.
