3725 6050
838 828 1038 900 „51-

322 1007 352 1075 is
367 1029 469 1096 quem
492 1008 547 1076 sui
573 1007 723 1098 impetus
738 1004 848 1074 animi
871 1027 1013 1073 saxeum
1034 1002 1259 1094 ferreumque
1282 1027 1351 1074 non
1375 1028 1550 1097 moveant,

322 1140 425 1212 atque
439 1121 470 1189 is
488 1122 548 1211 qui
564 1120 730 1192 orationis
746 1120 933 1189 dulcedine
957 1136 990 1188 et
1005 1120 1155 1210 quadam
1171 1119 1371 1192 incitatione
1393 1141 1427 1193 et
1443 1125 1553 1197 nitore

322 1239 472 1329 legentes
489 1237 649 1307 delectet.
662 1236 773 1326 Quod
786 1235 879 1304 idem
894 1252 947 1304 est
959 1257 999 1304 ac
1013 1234 1042 1302 si
1058 1235 1137 1325 quis
1149 1234 1222 1304 fieri
1238 1235 1323 1305 forte
1334 1261 1435 1328 posse
1447 1264 1552 1333 nega-

321 1354 409 1422 verit
423 1370 473 1437 ut,
484 1353 517 1423 vi
529 1352 659 1445 ingenii
676 1368 779 1442 atque
791 1351 931 1431 virtute,
948 1350 1130 1421 Caesarem
1148 1373 1220 1420 esse
1231 1367 1262 1421 et
1275 1352 1479 1424 Ciceronem
1493 1358 1553 1425 uni

323 1468 456 1537 homini
469 1468 656 1556 contingat.

367 1585 458 1653 Puto
466 1584 570 1675 igitur
581 1605 657 1652 esse
671 1582 934 1651 concedendum
951 1598 1046 1649 tanta
1056 1581 1182 1649 mentis
1194 1583 1551 1677 sagacitatetantaque

321 1698 429 1769 animi
444 1698 633 1767 mobilitate
649 1715 682 1766 et
698 1697 846 1768 mollitia
870 1696 980 1764 inisse
1006 1696 1203 1787 praeditum
1229 1697 1446 1784 Ciceronem,
1465 1720 1505 1771 ut
1524 1703 1553 1771 is

322 1833 413 1883 esset
426 1816 485 1904 qui
512 1813 548 1881 in
575 1813 722 1882 consilio
746 1812 913 1903 capiendo
937 1811 1129 1901 aliquando
1147 1811 1297 1882 incertus
1323 1834 1551 1889 cunctaretur.

367 1932 490 2020 Neque
506 1946 625 1998 tamen
641 1951 774 2019 semper
792 1944 975 1997 cunctatus
998 1943 1059 2015 est,
1087 1950 1198 2017 neque
1220 1945 1292 1997 tam
1314 1954 1418 2022 saepe
1447 1955 1554 2024 quam

321 2043 389 2113 dici
404 2061 454 2113 est
470 2044 621 2114 solitum.
637 2044 721 2113 Tria
741 2043 833 2112 enim
856 2042 1000 2111 fuerunt
1023 2065 1085 2133 per
1108 2059 1218 2112 totam
1243 2046 1314 2132 ejus
1340 2047 1445 2115 vitam
1465 2066 1553 2117 tem·

320 2183 417 2251 pora,
432 2160 631 2251 gravissima
642 2159 800 2250 inquam,
813 2158 848 2225 in
861 2159 991 2247 quibus
1001 2156 1087 2248 quid
1096 2158 1231 2226 consilii
1245 2162 1553 2250 caperet‚dubium

321 2275 571 2349 fortehabere
607 2291 721 2366 posset
753 2274 900 2364 :primo
929 2273 1072 2365 quando
1106 2273 1312 2344 Catilinaria
1348 2278 1466 2347 habita
1502 2297 1554 2350 est

320 2390 535 2481 conjuratio,
555 2370 687 2457 deinde
707 2412 831 2458 exorso
855 2388 950 2457 civili
972 2388 1080 2473 bello,
1096 2406 1276 2479 postremo
1300 2413 1380 2459 cum
1411 2410 1552 2463 mortuo

322 2505 474 2589 Caesari,
492 2528 527 2573 se
543 2506 692 2573 ultorem
708 2521 740 2572 et
754 2503 855 2594 quasi
874 2504 1058 2572 haeredem
1071 2504 1248 2572 Antonius
1263 2507 1447 2594 praestitit.

366 2622 477 2689 Porro
506 2620 541 2687 in
570 2619 662 2689 civili
684 2620 773 2688 bello
790 2619 880 2687 inter·
903 2618 1110 2708 Pompeium
1135 2637 1168 2686 et
1194 2619 1379 2689 Caesarem
1403 2623 1554 2693 haesisse

320 2758 400 2806 eum
420 2736 611 2826 ancipitem
630 2734 809 2804 latendum
833 2751 901 2817 est;
927 2732 1039 2823 neque
1061 2751 1178 2802 tamen
1201 2736 1266 2804 hoc
1290 2737 1553 2829 neglegendum,

309 2852 366 2922 ita
381 2875 435 2921 res
452 2870 530 2920 tum
548 2874 585 2919 se
599 2851 810 2920 habuissent
823 2850 890 2919 civi
908 2850 1004 2918 bono
1021 2850 1262 2942 libertatisque
1278 2852 1396 2922 amico·
1408 2854 1553 2924 haerere

320 2967 464 3037 fortasse
481 2967 611 3036 liceret.

367 3086 408 3152 In
431 3083 554 3153 ceteris
580 3100 692 3152 autem
715 3082 854 3151 duobus
866 3081 1097 3171 temporibus,
1115 3083 1236 3152 animo
1252 3107 1333 3152 eum
1347 3085 1552 3156 fluctuatum

321 3223 408 3283 esse,
427 3222 535 3268 nemo
552 3216 604 3268 est
618 3199 676 3289 qui
690 3199 767 3287 jure
782 3197 994 3266 contendere
1009 3198 1128 3287 possit.
1144 3199 1233 3287 Quis
1252 3200 1348 3268 enim
1366 3224 1442 3269 esse
1455 3222 1553 3293 pote-

322 3334 375 3387 rat
390 3316 424 3384 in
444 3314 688 3405 conjuratione
714 3313 1011 3404 deprehendenda
1037 3313 1249 3404 vigilantior,
1266 3316 1300 3382 in
1323 3319 1553 3405 opprimenda

320 3430 617 3522 promptior?Ubi
633 3429 829 3516 remparari
844 3429 973 3497 certior
988 3430 1036 3509 fit,
1050 3428 1244 3499 Catilinam
1257 3429 1374 3520 ipsum
1387 3434 1431 3500 ad
1448 3457 1551 3502 sena-

321 3567 396 3616 turn
406 3563 507 3616 vocat
532 3545 816 3638 gravissimisque
837 3545 1028 3612 insectatur
1041 3545 1178 3630 verbis3
1196 3545 1300 3614 simul
1315 3565 1413 3616 curat
1429 3567 1467 3616 ut
1480 3549 1551 3618 sint

323 3663 415 3732 oculi
430 3662 562 3731 circum
588 3662 785 3750 conjuratos
798 3683 992 3748 auresque,
1011 3659 1094 3749 quid
1109 3678 1242 3729 secreto
1261 3663 1476 3732 meditentur
1486 3689 1551 3754 per

323 3801 407 3847 suos
426 3777 516 3846 videt
536 3777 711 3865 auditque,
735 3793 842 3866 atque
867 3775 946 3845 facit
968 3793 1018 3860 ut,
1040 3794 1159 3844 coacto
1178 3794 1313 3858 senatu,
1332 3778 1430 3868 inviti
1454 3781 1495 3848 de
1513 3804 1549 3849 re

323 3894 507 3963 fateantur.

335 4057 338 4061 -
365 4013 414 4078 At
429 4031 519 4095 sane,
541 4029 621 4078 cum
635 4006 699 4075 fuit
719 4006 838 4094 capitis
863 4006 1007 4074 eosdem
1028 4007 1272 4089 damnaturus,
1289 4009 1448 4096 proxima
1472 4029 1550 4080 ante

322 4142 432 4208 nocte,
451 4146 522 4192 non
539 4122 655 4215 potuit
669 4122 764 4210 quin,
782 4144 905 4189 somno
921 4122 1099 4211 adempto,
1115 4122 1309 4190 effundendi
1333 4124 1458 4193 civium
1472 4150 1551 4194 san·

321 4240 436 4332 guinis
463 4238 612 4330 imagine
626 4254 915 4306 commoveretur.
940 4237 1046 4325 Quod
1071 4237 1119 4305 illi
1135 4237 1288 4326 prolecto
1306 4241 1396 4309 adeo
1411 4265 1482 4310 non
1499 4261 1550 4312 est

321 4354 611 4445 exprobrandum,
632 4370 803 4422 utcontra
824 4353 937 4420 decori
956 4354 999 4419 sit
1025 4371 1132 4444 atque
1156 4372 1373 4424 ornamento.
1398 4357 1549 4448 Signum

323 4470 419 4540 enim
431 4486 482 4539 est
495 4492 574 4538 eum
588 4467 714 4537 luissse
730 4486 859 4536 natura
872 4469 1110 4554 humanum1(1
1120 4476 1139 4556 l.

355 4605 395 4675 (1)
412 4603 456 4658 De
471 4620 502 4658 se
518 4601 583 4674 ipse
599 4601 699 4657 dixit:
718 4623 730 4652 «
747 4602 797 4656 Me
813 4615 920 4656 natura
940 4601 1179 4667 misericordem,
1186 4603 1288 4682 patria
1311 4621 1463 4683 severum,
1481 4624 1550 4663 eru-

323 4674 421 4730 delem
436 4691 509 4729 vero
529 4690 585 4728 nec
601 4686 709 4728 natura
723 4689 778 4727 nec
798 4675 895 4745 patria
913 4690 979 4727 esse
993 4672 1099 4732 voluit
1114 4647 1273 4745 Deriique
1266 4688 1354 4728 istam
1371 4648 1469 4755 ipsani
1480 4695 1550 4749 per-

323 4762 430 4800 sonam
445 4744 653 4800 vehementem
670 4759 699 4798 et
711 4761 811 4798 acrem
815 4761 920 4815 quarn
938 4743 1011 4798 mihi
1027 4758 1146 4824 tempus
1160 4757 1189 4799 et
1205 4745 1399 4815 respublica
1393 4750 1549 4818 imposuit,

319 4816 384 4897 J'am
397 4815 538 4872 voluntas
558 4828 587 4871 et
603 4827 710 4869 natura
725 4815 790 4894 ipsa
805 4814 979 4870 contraxit:
1005 4814 1057 4869 illa
1073 4833 1152 4869 ennn
1169 4815 1206 4869 ad
1220 4817 1309 4870 breve
1329 4831 1447 4888 tempus
1466 4838 1550 4877 seve·

323 4887 445 4943 ritatem
482 4886 640 4955 ostulavi13
658 4885 754 4941 haec
748 4887 877 4941 inomni
894 4885 955 4941 vita
972 4885 1211 4941 misericordiam
1228 4885 1459 4959 bonitatemque
1476 4892 1551 4947 desi·

324 4960 419 5019 derat.
436 4905 491 5032 (tir
493 4970 532 5017 at.
550 4957 656 5032 proP.
673 4955 785 5031 Sylla.)
