3725 6050
413 879 539 951 Cicero
553 899 682 968 autem,
700 882 757 950 ubi
778 882 950 951 Kalendis
966 880 1134 971 januariis
1149 878 1259 947 fasces
1286 879 1445 970 sumpsit,
1465 882 1510 972 ad
1524 882 1597 950 duo

368 1013 518 1065 mentem
539 998 639 1067 vertit
663 998 831 1067 consilia:
852 1016 889 1067 ut
914 999 999 1088 ipse,
1030 996 1218 1065 comitante
1245 1018 1376 1086 magno
1403 997 1598 1066 amicorum

367 1113 549 1201 praesidi0,
568 1114 828 1204 conjuratorum
842 1114 997 1205 gladium
1015 1113 1194 1204 effugeret,
1210 1135 1249 1180 ac
1265 1111 1351 1203 quid
1365 1111 1513 1182 facerent
1529 1113 1592 1193 illi,

366 1229 449 1317 quid
464 1248 637 1320 pararent,
655 1248 775 1299 notum
792 1230 937 1299 haberet
959 1247 1063 1319 atque
1080 1245 1309 1319 compertum.
1335 1230 1592 1315 Macedoniam,

365 1346 580 1434 provinciam
608 1347 816 1415 ditissimam
840 1370 937 1415 anno
961 1346 1119 1436 proximo
1143 1346 1409 1437 gubernandam
1435 1348 1595 1416 Antonio

366 1462 514 1552 collegae
525 1485 563 1530 ea
580 1480 691 1531 mente
709 1463 861 1554 reliquit,
876 1480 913 1531 ut
925 1485 1006 1531 eum
1020 1460 1261 1551 conjuratione
1280 1461 1504 1531 abalienaret.

409 1578 546 1647 Interea
573 1579 734 1647 homines
752 1580 953 1669 populares,
969 1578 1032 1670 qui
1054 1577 1225 1648 Catilinae
1247 1577 1427 1663 favebant,
1443 1561 1593 1670 impedi-

183 1723 188 1732 ·
259 1716 260 1719 ’
364 1712 486 1762 menta
503 1695 637 1764 consuli
663 1695 784 1763 inferre
810 1711 1048 1786 senatumque
1070 1717 1142 1761 una
1171 1695 1336 1763 lacessere
1359 1696 1590 1765 conabantur.

364 1811 490 1898 Neque
507 1811 599 1878 enim
614 1810 678 1879 fuit
691 1812 757 1880 alia
772 1834 874 1879 mens
889 1811 971 1894 illis,
990 1833 1067 1879 curn
1084 1827 1117 1878 et
1138 1811 1250 1901 legem
1268 1812 1309 1878 P.
1329 1809 1475 1881 Servillii
1494 1812 1592 1881 Rulli

363 1926 454 1994 dere
468 1928 603 2018 agraria
622 1945 823 2010 suaserunt,
841 1944 874 1996 et
887 1927 1049 1996 fecerunt
1061 1943 1097 1994 ut
1112 1925 1293 2008 RabiriuS,
1308 1927 1366 2016 qui
1381 1926 1587 2011 Saturnine,

365 2060 554 2134 postquam
577 2065 658 2112 eum
679 2062 819 2112 senatus
841 2042 950 2133 capite
974 2042 1226 2121 damnavisset,
1245 2065 1370 2111 manus
1395 2043 1478 2111 olim
1496 2044 1589 2112 intu-

361 2157 441 2226 lisse
469 2159 664 2242 dicebatur,
681 2182 741 2250 per
767 2161 810 2228 T.
842 2158 1051 2245 Labienum,
1084 2158 1266 2226 tribunum
1296 2158 1420 2248 plebis,
1450 2182 1588 2229 accusa-

367 2291 474 2345 retur.

406 2392 477 2459 Per
489 2392 624 2483 aliquot
635 2409 756 2460 tamen
769 2390 909 2460 menses
921 2390 1043 2461 Cicero
1054 2408 1087 2459 et
1098 2390 1261 2471 Catilina,
1277 2393 1424 2461 ducibus
1436 2394 1586 2463 militum

363 2506 494 2575 similes
527 2531 561 2575 se
584 2508 628 2576 ad
649 2509 880 2599 pugnandum
895 2506 1114 2598 parantibus,
1133 2507 1272 2576 silentes
1285 2509 1481 2578 adversaria
1503 2534 1587 2579 con·

362 2623 437 2692 silia
453 2625 629 2714 explorare
643 2624 706 2691 visi
731 2642 828 2705 sunt;
849 2646 962 2712 neque
978 2646 1058 2692 vero
1074 2623 1306 2719 abstinebant,
1328 2625 1416 2716 quin
1432 2644 1583 2717 agerent.

364 2742 459 2810 Nam
472 2741 625 2810 Catilina
640 2762 709 2808 non
723 2740 826 2808 modo
842 2762 909 2808 non
923 2761 944 2808 <t
959 2740 1095 2831 quietus
1111 2756 1194 2824 erat,
1213 2741 1273 2809 sed
1287 2742 1453 2810 omnibus
1467 2743 1585 2811 modis

359 2855 506 2924 insidias
518 2857 665 2946 parabat
681 2855 854 2927 Ciceroni.
875 2859 998 2945 Neque
1014 2856 1062 2924 illi
1078 2874 1195 2925 tamen
1211 2857 1256 2925 ad
1270 2859 1463 2927 cavendum
1479 2860 1583 2928 dolus

358 2990 420 3041 aut
436 2974 571 3042 astutiae
585 2973 741 3050 deerant;
770 2995 924 3064 namque
940 2996 959 3041 a
986 2972 1155 3064 principio
1179 2976 1378 3044 consulatus
1396 2975 1460 3056 sui,
1474 2978 1586 3045 multa

358 3089 567 3179 pollicendo,
583 3112 652 3178 per
671 3089 1005 3177 Fulviam-effecerat
1026 3107 1063 3157 ut
1078 3090 1124 3179 Q.
1150 3090 1291 3176 Curius,
1316 3092 1359 3160 de
1383 3116 1453 3183 quo
1476 3095 1585 3185 paulo

359 3223 438 3274 ante
454 3205 656 3293 memoravi,
672 3205 813 3274 consilia
829 3205 1004 3276 Catilinae
1019 3205 1083 3274 sibi
1101 3207 1259 3295 proderet
1273 3209 1341 3294 (ι).
1361 3235 1378 3270 u

401 3325 480 3393 Jam
493 3340 608 3391 autem
622 3345 692 3390 non
709 3323 814 3413 longe
838 3323 882 3391 ab
908 3345 949 3389 eo
967 3321 1022 3390 die
1042 3322 1184 3390 aberant
1201 3345 1271 3413 quo
1289 3323 1322 3390 in
1340 3324 1483 3393 comitiis
1505 3348 1585 3394 con-

358 3442 448 3510 sules
460 3457 672 3524 crearentur,
686 3460 765 3506 cum
779 3438 868 3506 forte
886 3437 922 3505 in
938 3437 1064 3506 curia«
1078 3438 1204 3508 Catoni
1222 3438 1386 3526 judicium
1407 3424 1585 3512 minitanti

359 3581 398 3626 ac
412 3556 630 3626 denuntianti
646 3554 832 3645 respondit
848 3553 1000 3625 Catilina
1013 3553 1041 3621 si
1056 3555 1151 3643 quod
1172 3572 1262 3623 esset
1276 3555 1312 3623 in
1327 3579 1409 3624 suas
1425 3557 1582 3628 fortunas

358 3671 558 3742 incendium
581 3671 780 3752 excitatum,
808 3669 842 3736 id
875 3693 910 3737 se
945 3692 1014 3736 non
1050 3691 1144 3760 aqua
1179 3672 1240 3739 sed
1275 3671 1377 3740 ruina
1403 3674 1581 3742 restinctu-

356 3790 546 3877 rumlal.»
1644 3772 1646 3777 ¹

403 3906 511 3973 Paulo
537 3918 627 3992 post,
660 3900 876 3992 «frequenti
911 3918 1050 3984 senatu,
1077 3901 1262 3971 Catilinam
1287 3903 1441 3986 excitavi,
1469 3904 1583 3995 inquit

357 4022 489 4101 Cicero,
508 4036 613 4109 atque
625 4024 705 4086 eum
722 4018 764 4084 de
776 4019 828 4084 his
844 4016 952 4085 rebus
962 4017 1068 4103 jussi,
1088 4017 1117 4085 si
1131 4018 1214 4106 quid
1227 4019 1339 4098 vellet,
1356 4042 1445 4108 quae
1462 4022 1506 4090 ad
1524 4044 1581 4090 me

356 4139 460 4207 allata
490 4152 616 4217 essent,
640 4133 909 4224 diceremque
933 4133 1001 4212 ille,
1021 4150 1057 4201 ut
1076 4156 1210 4224 semper
1232 4132 1298 4202 fuit
1326 4135 1578 4225 apertissimus,

356 4278 426 4323 non
445 4275 481 4321 se
494 4229 665 4343 purgavit,
679 4249 740 4317 sed
756 4249 921 4317 indicavit
937 4267 1037 4338 atque
1052 4248 1182 4335 induit,
1194 4267 1272 4318 tum
1286 4251 1377 4318 enim
1391 4252 1476 4321 dixit
1489 4279 1496 4322 :
1509 4255 1580 4323 duo

355 4393 499 4461 corpora
514 4390 586 4436 esse
605 4366 832 4456 reipublicae,
849 4388 962 4434 unum
977 4366 1102 4446 debile,
1119 4366 1256 4434 infirmo
1269 4369 1403 4458 capite3
1427 4371 1580 4439 alterum

388 4572 427 4639 (tl
446 4569 604 4635 Sannum„
618 4564 718 4631 Catil,
731 4564 840 4619 XXVI.

368 4642 427 4723 .(2)
442 4641 518 4709 Cro,
535 4637 740 4718 ProMurena‚
758 4636 850 4690 XXV.
868 4667 904 4675 -
920 4635 1025 4716 ltaque
1039 4635 1232 4720 perspicuum
1241 4649 1286 4693 est
1299 4637 1446 4694 erravisse
1463 4639 1578 4721 Sallus-

351 4706 982 4840 llllllllssltaliballlllnlzl
996 4707 1577 4839 taillia?blielll‘tllllttr

352 4851 497 4911 Sallustio
513 4852 632 4922 Florus,
648 4852 686 4921 11,
703 4850 770 4921 Xll,
788 4869 814 4923 7,
832 4861 860 4904 et
874 4849 974 4908 Valer.
992 4849 1071 4905 Max.
1088 4867 1116 4922 9,
1136 4868 1179 4921 11,
1197 4851 1223 4906 3.
