3725 6050
827 870 1026 946 ..33..

314 1047 368 1115 sul
384 1047 471 1115 alter
492 1045 706 1136 Calpurnius
724 1044 835 1132 Piso),
848 1067 883 1114 tn
899 1045 1096 1130 Tiberium,
1113 1045 1172 1134 qui
1189 1063 1366 1136 appeteret
1382 1060 1542 1138 regnum,

314 1184 429 1231 severe
459 1178 582 1254 ageret,
599 1160 863 1253 negavissetque
883 1185 921 1229 se
943 1161 1117 1230 facturum
1140 1161 1279 1241 consul,
1297 1179 1387 1248 tum,
1403 1164 1541 1232 curiam

314 1300 393 1346 cum
420 1276 497 1345 aliis
527 1299 698 1369 egressus,
726 1277 828 1345 turba
866 1276 1063 1360 comitante,
1092 1277 1277 1346 Tiberium
1314 1300 1456 1367 eosque,
1484 1280 1545 1371 qui

315 1390 436 1461 armati
463 1413 542 1461 eum
574 1391 847 1473 circumdabant,
877 1415 1041 1484 agressus
1065 1409 1117 1461 est
1140 1409 1253 1480 atque,
1279 1393 1542 1485 proelio-facto,

315 1507 451 1576 occidit.

362 1623 469 1713 Igitur
490 1622 558 1691 hic
596 1622 706 1692 habes
734 1623 981 1692 tantummodo
1007 1624 1213 1692 seditionem
1242 1625 1445 1712 quamdam,
1473 1626 1545 1716 pri-

315 1760 478 1827 mamque
498 1738 667 1819 omnium,
686 1738 880 1808 Plutarcho
903 1739 1028 1826 judice,
1056 1740 1242 1828 inquibus
1270 1742 1403 1809 Romae
1423 1741 1547 1810 caedes
1619 1765 1621 1770 ·

321 1853 411 1938 lacta
429 1854 484 1923 sit.
504 1854 618 1922 Paulo
632 1871 710 1945 post
727 1871 845 1923 autem
862 1854 976 1940 multi,
990 1855 1119 1923 indicta
1138 1878 1256 1939 causa,
1274 1857 1329 1925 vel
1344 1856 1377 1923 in
1388 1857 1546 1925 exsilium

319 1970 417 2037 missi
429 1987 509 2039 sunt
521 1970 573 2038 vel
590 1969 696 2038 etiam
712 1969 838 2038 necati.
857 1971 961 2060 Quae
973 1970 1093 2039 omnia
1104 1989 1240 2039 certum
1256 1989 1317 2057 est,
1333 1989 1373 2039 ut
1385 1990 1459 2041 acta
1471 1995 1545 2041 esse

320 2102 439 2153 contra
462 2087 574 2176 legem
590 2102 694 2174 atque
714 2084 899 2173 injuriose,
917 2085 966 2154 ita
987 2084 1074 2155 Caio
1096 2086 1267 2171 Graccho,
1283 2087 1415 2156 Tiberii
1436 2087 1547 2173 fratri,

318 2201 443 2269 merito
465 2201 568 2292 digna
590 2223 665 2269 esse
681 2200 797 2270 habita
820 2224 910 2292 quae
934 2202 1007 2290 lege
1022 2224 1084 2270 sua
1110 2200 1319 2293 Sempronia
1343 2220 1548 2272 notarentur

316 2334 417 2404 atque
433 2315 550 2405 puni-ri
565 2315 778 2404 juberentur.
801 2316 842 2384 Id
855 2316 905 2384 illi
921 2316 1032 2384 fuisse
1047 2316 1247 2400 consilium,
1262 2319 1315 2387 vel
1325 2341 1368 2386 ex
1381 2341 1421 2386 eo
1442 2318 1548 2387 etiam

316 2449 470 2523 apparet,
488 2434 583 2522 quod
606 2454 646 2500 ex
660 2433 854 2501 Plutarcho
868 2449 1007 2500 constat
1022 2432 1173 2522 Popilio,
1187 2432 1245 2520 qui
1263 2451 1403 2522 praetor
1413 2434 1449 2501 in
1462 2434 1547 2503 exsi-

317 2549 403 2615 lium
425 2546 554 2616 Tiberii
578 2546 731 2638 partium
747 2546 951 2616 defensores
978 2548 1144 2636 ejecisset,
1170 2549 1215 2617 ita
1238 2566 1352 2638 aperte
1376 2548 1546 2618 intentam

317 2686 393 2731 esse
423 2664 545 2754 legem,
584 2679 623 2730 ut
654 2662 742 2753 ipse,
773 2664 936 2732 nondum
971 2664 1281 2751 condemnatuS,e
1315 2664 1429 2754 patria
1456 2666 1548 2735 ultro

317 2777 445 2863 exiret(
472 2783 492 2863 ).

364 2893 468 2982 Quae
478 2915 558 2962 cum
569 2893 617 2962 ita
632 2893 712 2975 sint,
730 2892 850 2962 mirari
860 2916 915 2961 me
929 2893 1040 2962 fateor
1054 2893 1150 2983 quod
1161 2894 1249 2962 haec
1262 2895 1327 2963 Th.
1344 2896 1548 2965 Mommsen

318 3007 527 3098 scripserit:
568 3037 582 3075 a
615 3007 725 3081 Caius
753 3007 934 3080 Gracchus
963 3032 1145 3101 provoqua
1172 3033 1219 3078 un
1245 3028 1324 3080 vote
1352 3011 1400 3081 du
1423 3013 1549 3104 peuple

317 3125 510 3216 rensorqant
529 3126 559 3194 le
585 3125 674 3194 droit
690 3128 734 3194 de
749 3125 972 3217 provocation
988 3143 1022 3195 et
1040 3125 1252 3215 reprouvant
1268 3127 1297 3194 le
1314 3126 1549 3199 ‚senatuscon-

317 3240 407 3309 sulte
432 3241 494 3332 qui
518 3240 714 3333 l'attaquait
737 3244 780 3328 (2)
803 3267 834 3308 o.
871 3243 966 3312 Nam
992 3241 1345 3309 senatusconsultum
1371 3243 1546 3325 ultimum,

317 3355 400 3446 quia
426 3358 565 3425 nullum
581 3356 680 3425 estin
701 3355 768 3424 illis
785 3356 1002 3446 temporibus
1017 3355 1161 3435 lactum,
1183 3378 1296 3446 neque
1310 3358 1550 3447 provocationi

317 3470 490 3540 obstitisse
514 3488 663 3563 poterat,
690 3494 807 3562 neque
833 3471 868 3539 id
892 3472 1001 3539 videri
1030 3471 1127 3561 quod
1140 3472 1213 3564 lege
1237 3494 1327 3541 nova
1352 3474 1550 3542 notandum

317 3603 418 3671 esset.

365 3704 490 3792 Itaque
505 3702 559 3770 lex
573 3701 892 3792 Sempronia,cum
909 3703 953 3770 de
967 3701 1105 3770 decreto
1119 3701 1244 3771 ultimo
1260 3704 1329 3772 lata
1345 3725 1416 3770 non
1433 3704 1487 3787 sit,
1507 3704 1549 3774 de

319 3817 458 3885 decreto
476 3817 599 3886 ultimo
616 3817 827 3909 opponenda
838 3840 909 3886 non
926 3834 993 3903 est,
1006 3841 1121 3910 neque
1133 3841 1174 3885 ex
1187 3840 1225 3886 ea
1234 3817 1383 3908 aliisque
1397 3819 1546 3909 legibus,

318 3932 486 4001 adversus
509 3949 723 4023 potestatem
749 3950 845 4002 extra
866 3932 1027 4001 ordinem
1061 3957 1081 4002 a
1107 3950 1232 4002 senatu
1247 3933 1383 4010 consuli
1415 3935 1547 4017 datam,

319 4048 431 4116 ullum
447 4047 527 4117 duci
542 4065 653 4139 potest
667 4066 923 4141 argumentum.

362 4163 465 4233 Adde
479 4163 612 4232 nemini
628 4181 831 4233 senatorum
844 4186 950 4233 curae
966 4163 1072 4232 fuisse
1092 4165 1185 4254 leges
1201 4164 1291 4261 illas,¹
1306 4182 1494 4255 postquam
1508 4168 1550 4234 de

318 4277 492 4349 Catilinae
520 4278 625 4348 sociis
650 4279 736 4370 quid
760 4298 851 4348 esset
866 4280 1044 4370 agendum
1071 4302 1091 4347 a
1117 4278 1283 4349 Cicerone
1310 4281 1422 4371 rogati
1451 4298 1548 4367 sunt,

319 4417 437 4486 neque
460 4394 639 4464 obstitisse
668 4395 859 4487 quominus
887 4395 1006 4464 necari
1030 4417 1088 4463 eos
1113 4395 1240 4483 majori
1269 4396 1360 4487 parti
1384 4398 1546 4487 placeret.

323 4509 542 4599 Quinetiam
557 4527 696 4580 tantum
710 4511 808 4580 abest
824 4528 863 4580 ut
886 4533 991 4579 causa
1011 4510 1141 4580 suerint
1156 4532 1218 4579 cur
1235 4512 1412 4581 haerentes
1430 4513 1551 4580 haere·

320 4642 397 4693 rent
423 4642 471 4712 ut,
488 4648 573 4695 cum
597 4649 748 4718 poenam
763 4625 891 4695 mortis
917 4625 1055 4696 decerni
1077 4627 1178 4696 vellet
1207 4627 1310 4711 Cato,
1325 4626 1367 4695 de
1390 4626 1461 4695 illis
1482 4625 1548 4695 sibi

320 4739 467 4809 omnino
480 4741 655 4832 putaverit
668 4765 747 4812 esse
760 4741 948 4811 silendum.

372 4920 396 4991 t)
411 4919 595 4993 Prurancn,
610 4920 645 4978 C.
663 4919 822 4991 Gracchus,
839 4921 891 4976 IV.

355 4918 394 5063 la)
410 4982 532 5049 Manuel
545 4992 595 5050 des
608 4991 770 5065 Antiquitas
785 5008 871 5063 rom„
893 5003 962 5062 etc,
980 5003 1002 5047 t.
1017 4990 1084 5060 VII,
1097 5007 1128 5064 p.
1144 4988 1211 5062 473.
