3725 6050
853 649 1053 722 ...32-

383 822 525 892 Fatetur
545 822 622 913 ipse
637 823 835 892 Mommsen
857 842 1081 914 potestatem,
1105 849 1197 917 quae
1215 833 1349 900 consuli
1364 853 1460 903 extra
1475 837 1571 905 ordi·

337 959 416 1006 rtem
432 938 572 1007 decreto
585 937 710 1006 ultimo
726 939 881 1024 daretur,
897 940 1108 1011 dictatorum
1124 946 1287 1033 potestati
1310 948 1467 1018 habitam
1489 975 1569 1021 esse

334 1055 518 1144 aequalem
531 1057 540 1116 l
549 1076 558 1122 r
568 1095 587 1140 2.
608 1054 695 1122 Eam
709 1071 824 1123 autent
847 1054 952 1124 fuisse
968 1056 1197 1128 dictatoribus
1208 1081 1417 1151 potestatem
1434 1085 1473 1134 ur
1498 1068 1569 1136 illis

334 1169 500 1260 decapite
515 1168 641 1239 civium
656 1170 727 1238 sine
740 1170 989 1259 provocatione
1003 1174 1049 1242 ad
1064 1176 1236 1265 populum
1252 1180 1463 1249 sententiam
1475 1182 1568 1252 ferre

336 1284 459 1368 liceret,
479 1283 680 1354 curavimus
700 1285 806 1354 modo
834 1303 869 1353 ut
891 1289 1106 1376 argumentis
1131 1292 1427 1362 confirmaremus.
1457 1298 1566 1367 Unde

335 1401 479 1470 eflicitur
505 1418 542 1468 ut
573 1399 713 1469 licuisse
743 1400 835 1468 idem
873 1403 1013 1471 consuli
1042 1423 1159 1473 nostro
1189 1408 1451 1479 concedendum
1491 1436 1566 1482 esse

332 1516 513 1588 habeatur.

379 1633 417 1702 ld
433 1648 550 1701 autem
567 1632 638 1720 jam
653 1632 724 1701 alia
740 1633 870 1702 rationo
885 1633 1012 1725 viaque
1030 1635 1177 1725 planum
1193 1656 1244 1707 est
1256 1638 1469 1711 faciendum.

413 1829 461 1898 11.
487 1867 529 1879 -
552 1826 778 1913 lieselluntur
802 1851 890 1920 quae
913 1851 934 1896 a
958 1831 1168 1922 negantibus
1192 1835 1354 1925 opposito
1376 1849 1471 1905 sunt.

374 2022 647 2115 Diligentissime
676 2023 775 2093 nobis
803 2042 853 2093 est
882 2027 1076 2095 curandum
1103 2045 1158 2114 ut,
1188 2052 1279 2120 quae
1305 2030 1560 2103 affirmantibus

330 2139 554 2230 opposuerint
577 2157 753 2231 negantes,
772 2162 812 2209 ea
833 2140 970 2232 singula
986 2143 1241 2233 perpendamus
1262 2162 1310 2230 et,
1324 2168 1391 2235 pro
1413 2148 1557 2231 viribus,

332 2255 679 2345 quantulaecumque
694 2273 785 2335 sunt,
801 2254 886 2325 falsa
901 2278 975 2325 esse
990 2275 1051 2326 aut
1066 2259 1189 2327 saltem
1202 2282 1330 2349 parurn
1345 2263 1444 2331 firma
1462 2287 1559 2332 com-

329 2371 525 2460 probemus.

928 2536 945 2567 s

909 2590 962 2621 st

374 2725 402 2769 r.
429 2700 540 2793 Igitur
566 2702 688 2770 dicunt
714 2701 874 2793 primum
896 2704 986 2791 leges
1020 2702 1185 2786 Valerias,
1211 2705 1366 2791 PorciaS,
1389 2704 1557 2796 Sempro-

325 2816 1555 2909 niam,obstitissequominusdecapitecivium,nisiincomitiisccntu-

323 2934 432 3017 tiaris,
445 2932 699 3001 decerneretur.
718 2931 948 3002 Ostendimus
962 2934 1031 3023 jam
1046 2934 1138 3023 leges
1154 2933 1244 3020 illas,
1260 2936 1424 3026 quamvis
1440 2940 1554 3009 verbis

323 3049 546 3141 generalibus
568 3067 760 3136 uterentur,
776 3051 950 3141 quasdam
969 3068 1085 3118 tamen
1108 3050 1290 3143 accepisse
1319 3053 1551 3143 exceptiones,

326 3188 414 3256 quae
430 3166 561 3256 legibus
576 3166 652 3234 aliis
671 3165 945 3255 praesertimque
960 3165 1117 3234 moribus
1137 3188 1277 3257 usuque
1301 3183 1547 3240 statuerentur.

367 3281 622 3370 Quaerendum
633 3305 718 3372 ergo
732 3299 868 3350 tantum
885 3299 937 3349 est
959 3304 1072 3349 nonne
1096 3281 1256 3350 moribus
1279 3304 1420 3373 usuque
1436 3281 1551 3353 statu·

319 3416 394 3468 tum
409 3399 450 3466 sit
466 3415 516 3483 ut,
533 3419 612 3466 cum
627 3396 661 3464 in
680 3397 880 3465 discrimine
900 3396 1171 3464 committeretur
1188 3397 1419 3488 Respublica,
1435 3417 1549 3490 potes·

318 3532 424 3583 tatem
448 3516 641 3602 quamdam
670 3512 870 3580 consulibus
896 3525 989 3581 extra
1012 3513 1174 3581 ordinem
1211 3512 1376 3581 mandare
1415 3517 1550 3584 senatui

318 3631 449 3715 liceret,
469 3652 559 3718 quae
576 3631 663 3696 dum
686 3632 822 3718 vigeret,
838 3629 888 3696 vis
908 3646 1106 3695 ceterarum
1122 3629 1239 3718 legum
1254 3628 1453 3719 interrupta
1467 3652 1549 3698 ces-

319 3764 422 3814 saret.
443 3748 566 3836 ltaque
580 3745 667 3812 nihil
680 3745 758 3835 agit,
773 3745 869 3834 quod
885 3743 927 3811 ad
941 3743 1212 3811 controversiam
1227 3743 1456 3812 dirimendam
1470 3768 1547 3834 per,

319 3863 440 3942 tineat,
458 3863 517 3950 qui
533 3862 618 3929 istas
631 3861 748 3928 recitat
763 3861 867 3950 leges.

362 3978 538 4066 Equidem
564 3977 634 4045 scio
665 3976 883 4066 quibusdam
915 3974 1020 4043 videri
1049 3976 1159 4065 legem
1191 3973 1440 4064 Semproniam
1466 3975 1544 4046 Caii

317 4093 461 4163 Gracchi
477 4116 517 4159 eo
532 4092 672 4159 demum
688 4093 794 4159 latam
810 4114 882 4158 esse
897 4090 1041 4159 consilio
1058 4108 1094 4158 ut
1112 4091 1214 4158 inane
1232 4090 1288 4178 jus
1300 4088 1386 4157 illud
1401 4107 1544 4159 senatus

318 4210 386 4299 jam
396 4210 566 4292 evaderet,
577 4207 784 4296 irritumque
796 4208 899 4274 fieret.
912 4207 1006 4274 Arde
1017 4205 1159 4273 consilio
1170 4205 1229 4274 illo
1242 4227 1357 4273 errare
1370 4205 1542 4274 videntur.

358 4327 451 4393 Nam
473 4323 636 4392 Tiberius
662 4322 846 4392 Gracchus
870 4345 942 4389 nort
964 4321 1031 4390 fuit
1054 4320 1252 4390 interfectus
1267 4343 1327 4410 per
1347 4322 1542 4406 consulem,

314 4442 374 4534 qui
389 4441 421 4509 vi
443 4443 500 4509 illa
517 4440 614 4531 quasi
630 4438 813 4507 dictatoria
828 4455 990 4505 uteretur.
1005 4435 1125 4525 Scipio
1144 4435 1393 4526 Nasicassenim,
1408 4459 1489 4504 cum
1503 4436 1540 4506 in

311 4558 407 4625 curia
419 4557 569 4647 petiisset
586 4574 622 4624 ut
635 4554 776 4624 lllucius
789 4554 929 4624 Scevola
943 4554 1063 4621 consul
1086 4555 1171 4636 (erat
1184 4569 1259 4619 tum
1275 4551 1311 4618 in
1324 4550 1442 4620 Sicilia
1457 4573 1541 4620 con-

347 4728 389 4797 (t)
405 4728 448 4785 De
465 4728 589 4784 consule
607 4727 659 4782 illo
679 4723 804 4780 scribit:
822 4745 835 4773 κ
853 4722 877 4776 ll
893 4735 939 4777 est
953 4721 1078 4794 regarde'
1094 4739 1211 4777 comme
1228 4720 1315 4793 l'e'gal
1328 4721 1368 4775 du
1387 4719 1537 4776 dictateur

312 4802 348 4858 de
364 4798 531 4856 l'ancienne
546 4797 735 4871 republique.
747 4817 761 4847 »
775 4793 827 4868 Op.
845 4795 905 4863 cit„
922 4806 947 4848 t.
964 4793 1032 4863 Vll,
1045 4810 1075 4869 p.
1091 4811 1159 4865 472.
