3725 6050
835 711 1034 784 ,62-

368 888 497 956 Verum
519 908 628 976 quum
642 885 733 955 venit
742 903 879 977 tempus
895 885 1027 977 agendi,
1044 902 1244 974 postquam,
1260 904 1380 955 contra
1396 886 1559 959 Silanum

324 1027 387 1096 pro
409 1020 520 1072 morte
535 1002 795 1091 conjuratorum
811 1002 998 1083 dicentem,
1012 1003 1139 1069 Caesar
1151 1002 1437 1091 eloquentissime
1458 1006 1560 1074 locu-

322 1139 379 1190 tus
413 1136 497 1200 erat,
529 1117 627 1206 quasi
654 1119 847 1186 contrarias
872 1116 1056 1207 opiniones
1071 1116 1223 1186 breviter
1242 1139 1553 1204 commemoraret,

323 1235 446 1307 Silano
468 1232 628 1302 assentiri
652 1241 728 1300 non'
751 1231 935 1314 dubitavit,
961 1233 1101 1322 lataque
1125 1254 1145 1299 a
1174 1231 1337 1302 Patribus
1362 1237 1557 1322 sententia,

321 1352 407 1421 celer
420 1350 455 1417 in
466 1350 618 1439 agendo,
635 1366 712 1416 ante
731 1365 866 1416 noctem
880 1349 1082 1437 conjuratos
1097 1347 1281 1416 interfecit.

369 1469 494 1556 Neque
521 1463 664 1556 segnius
689 1463 846 1532 Antonio
876 1463 1015 1532 restitit.
1047 1464 1108 1533 lsti
1137 1462 1243 1543 enim,
1270 1465 1369 1533 nulla
1398 1466 1557 1537 adhibita

323 1581 555 1665 cunctatione,
573 1581 705 1648 hostem
723 1602 760 1647 se
774 1580 951 1669 professus
964 1596 1030 1647 est.
1053 1578 1148 1649 Cum
1162 1601 1245 1648 vero
1260 1578 1430 1649 adversus
1445 1582 1557 1651 homi-

324 1721 403 1767 nem
418 1698 527 1765 multo
538 1694 650 1763 milite
669 1694 942 1777 circumdatum,
953 1695 1089 1762 nullum
1108 1717 1185 1763 esse
1200 1696 1314 1763 locum
1329 1698 1476 1780 oratori,
1494 1700 1555 1768 sed

322 1838 394 1884 esse
406 1813 451 1882 ad
466 1833 560 1880 arma
576 1810 821 1878 tantummodo
837 1810 1081 1879 recurrendum
1090 1810 1329 1897 arbitraretur,
1345 1813 1461 1882 Roma
1474 1838 1557 1904 pro-

321 1930 507 1998 fectusest.

368 2044 492 2112 Veliae
503 2059 617 2110 autern
634 2040 671 2108 in
688 2043 834 2109 Brutum
851 2040 985 2123 incidit,
1000 2041 1100 2110 Italia
1112 2064 1252 2131 quoque
1267 2062 1467 2113 exeuntem.
1481 2046 1555 2135 Qui

323 2161 481 2230 hortatus
497 2175 547 2226 est
564 2180 644 2226 eum
659 2158 879 2224 vehementer
896 2175 933 2224 ut
949 2158 1101 2226 Romam
1118 2158 1261 2244 rediret,
1276 2158 1337 2227 ubi
1352 2162 1555 2247 eloquentia

323 2276 482 2346 habenda
498 2257 569 2342 non
585 2291 674 2341 esset
689 2272 823 2340 inutilis
837 2272 1001 2340 libertati.
1017 2274 1111 2341 Tum
1127 2272 1198 2358 ille,
1215 2276 1371 2365 neglecto
1381 2277 1553 2365 periculo,

323 2392 446 2461 urbem
477 2413 668 2482 regressus,
694 2387 934 2455 celeberrimas
954 2389 1029 2456 illas
1054 2388 1267 2479 Philippicas
1292 2390 1418 2460 habere
1441 2395 1554 2484 coepit

322 2508 506 2586 orationes,
523 2506 663 2596 quibus,
681 2504 906 2586 velutarmis,
920 2496 1059 2572 strenue
1075 2522 1180 2593 atque
1196 2507 1472 2576 constantissime
1489 2532 1554 2599 pro

271 2673 274 2678 -
323 2623 497 2714 republica
513 2620 701 2699 dimicavit,
720 2642 833 2707 usque
848 2619 893 2687 ad
909 2642 987 2687 earn
1005 2620 1096 2688 diem
1112 2643 1203 2701 cum,
1221 2621 1357 2690 devicta
1375 2622 1553 2710 libertate,

323 2760 526 2827 supremum
546 2738 608 2802 hoc
626 2736 656 2801 ei
675 2739 803 2802 amoris
820 2735 946 2826 pignus
972 2735 1085 2821 dedit,
1101 2753 1154 2818 ut,
1179 2737 1261 2805 satis
1285 2738 1356 2826 jam
1372 2761 1407 2806 se
1423 2738 1553 2810 vixisse

321 2870 427 2937 ratus,
454 2851 598 2942 impigre
622 2848 905 2940 aequissimoque
927 2850 1056 2933 animo,
1069 2852 1214 2921 Antonii
1239 2852 1376 2921 sicariis
1399 2854 1554 2924 cervices

321 2968 520 3060 porrigeret.
820 2951 823 2958 ¹

367 3087 489 3174 ltaque
504 3082 531 3149 si
549 3082 630 3151 belli
643 3081 753 3150 civilis
766 3098 922 3172 tempore
938 3100 1122 3153 cunctatus
1135 3101 1190 3152 est
1204 3084 1288 3173 quid
1300 3083 1428 3154 faceret
1441 3086 1553 3155 incer·

320 3218 388 3287 tus,
415 3217 448 3267 at
473 3218 561 3267 certe
582 3221 691 3286 neque
712 3197 748 3265 in
778 3197 1017 3286 conjuratione
1040 3199 1328 3288 deprehendenda
1355 3200 1407 3269 vel
1429 3202 1552 3292 oppri-

319 3318 459 3400 menda,
470 3337 579 3403 neque
596 3313 632 3380 in
650 3312 792 3380 nitendo
806 3329 924 3380 contra
940 3314 1151 3394 Antonium,
1166 3315 1355 3384 ullomodo
1372 3315 1421 3384 ita
1438 3319 1551 3388 haesit

321 3450 359 3501 ut
373 3430 514 3500 consilia
530 3433 600 3516 ejus
623 3446 808 3518 torperent.

360 3548 538 3627 Ceterum,
558 3566 704 3634 quoquo
732 3543 840 3612 modo
867 3544 908 3612 de
936 3544 1013 3633 ejus
1038 3545 1196 3614 consiliis
1222 3569 1258 3614 se
1282 3569 1354 3616 rem
1383 3548 1549 3618 habuisse

315 3662 475 3742 volueris,
501 3663 564 3729 hoc
591 3683 673 3729 sane
699 3659 860 3727 fateberis
888 3683 969 3728 eurn
995 3683 1180 3750 nunquam
1204 3662 1327 3731 timore
1351 3663 1548 3756 ignoroque

315 3779 432 3847 altimo
447 3777 571 3867 egisse.

362 3896 486 3980 Neque
508 3915 588 3959 sane
612 3891 642 3958 ei
660 3890 766 3959 luisse
794 3891 1035 3959 contenderim
1065 3892 1152 3959 hanc
1174 3893 1278 3961 animi
1305 3894 1547 3966 fortitudinem

315 4031 386 4099 qua
402 4008 492 4097 quis,
516 4007 623 4074 rebus
646 4006 800 4075 adversis
815 4007 942 4095 major,
963 4006 1084 4075 omnia
1108 4009 1394 4079 constantissima
1412 4012 1547 4082 immo-

314 4139 420 4213 taque
437 4139 551 4189 mente
565 4121 723 4206 sustinet,
735 4144 817 4189 saxo
834 4122 882 4189 illi
898 4121 1019 4190 similis
1032 4123 1127 4212 quod
1139 4124 1309 4216 Vergilius
1323 4127 1406 4195 dixit
1421 4129 1546 4197 mediis

313 4239 348 4308 in
370 4237 548 4318 lluctibus,
568 4237 661 4304 nrole
678 4260 740 4304 sua
766 4255 869 4306 stare.
895 4238 1002 4306 Vario
1027 4239 1118 4306 enim
1134 4239 1293 4309 fortunae
1319 4241 1404 4310 flatu
1421 4241 1546 4313 Cicero

312 4357 479 4447 jactatur,
503 4354 536 4419 in
561 4352 663 4421 rebus
688 4352 790 4420 bonis
806 4355 966 4433 exsultat,
983 4354 1018 4421 in
1041 4355 1144 4422 malis
1159 4355 1256 4442 jacet.
1277 4357 1403 4425 Virum
1424 4377 1545 4427 autem

313 4494 393 4541 vere
416 4470 541 4539 sortem
572 4468 744 4537 existimes
780 4469 853 4558 qui,
884 4492 969 4537 cum
998 4470 1055 4555 sit,
1086 4487 1125 4539 ut
1156 4471 1295 4540 Horatii
1321 4472 1427 4541 verbo
1453 4491 1543 4560 utar,

316 4610 484 4657 «cereus»
498 4588 617 4653 anirno
633 4585 857 4665 commoveri,
871 4583 1001 4653 ferreus
1014 4602 1065 4653 est
1078 4585 1123 4654 ad
1139 4585 1293 4655 ineunda
1303 4588 1544 4682 tentandaque

314 4704 481 4797 pericula.
512 4704 627 4770 lmrno
652 4724 722 4791 quo
743 4700 852 4790 magis
868 4715 919 4768 est
944 4699 1004 4769 ille
1020 4724 1153 4788 cereus,
1179 4724 1252 4793 quo
1281 4703 1393 4795 magis
1418 4702 1543 4775 dolore

315 4821 508 4899 mordetur,
535 4815 703 4905 sentitque
731 4816 847 4884 animo
870 4815 991 4905 quanti
1011 4815 1055 4884 sit
1074 4817 1173 4906 pretii
1195 4817 1230 4885 id
1255 4819 1352 4910 quod
1368 4818 1405 4887 in
1431 4820 1543 4890 aleam
