3725 6050
807 844 980 916 ..5-
1080 836 1084 842 ·

283 1025 443 1103 firmum,
455 1020 531 1088 sine
548 1018 662 1110 capite
673 1043 680 1087 :
693 1019 791 1104 huic,
808 1041 916 1108 quum
933 1020 980 1088 ita
994 1020 1036 1088 de
1057 1042 1093 1088 se
1106 1017 1269 1088 meritum
1279 1035 1380 1099 esset,
1395 1029 1511 1107 caput,

284 1162 320 1207 se
335 1138 426 1222 vivo,
440 1158 509 1204 non
524 1134 729 1204 defuturum
745 1135 810 1224 (1).
831 1162 846 1198 »

328 1252 468 1342 Quibus
498 1249 641 1338 quidem
668 1249 789 1319 diebus
802 1250 885 1319 haec
910 1266 946 1319 et
974 1250 1030 1319 illa
1046 1249 1195 1321 Catilina
1218 1248 1338 1319 dixerit
1366 1247 1514 1317 historici

286 1390 307 1436 <t
320 1384 452 1437 certant
471 1384 502 1435 et
517 1366 630 1434 adhuc
644 1365 710 1454 sub
720 1365 832 1455 judice
847 1365 890 1434 lis
904 1381 956 1434 est
967 1365 1157 1435 »Constat
1170 1382 1301 1445 tamen,
1315 1381 1394 1433 ante
1404 1362 1513 1433 comi·

285 1484 405 1553 tialem
432 1472 534 1566 diem,
561 1480 753 1552 Catilinam
777 1503 817 1549 ea
842 1480 999 1549 dixisse:
1024 1480 1082 1549 illa
1107 1497 1190 1549 ante
1224 1501 1305 1549 eum
1336 1480 1430 1548 diem
1456 1477 1516 1569 qui

287 1599 441 1690 primum
455 1596 608 1667 comitiis
631 1596 803 1666 habendis
826 1613 914 1666 esset
926 1596 1154 1680 constitutus,
1173 1597 1270 1675 haec,
1293 1619 1335 1664 eo
1351 1596 1425 1685 ipso
1439 1594 1513 1672 die;

288 1738 361 1783 non
378 1731 430 1784 est
444 1713 534 1782 enim
549 1711 829 1782 obliviscendum
844 1712 957 1802 pridie
973 1712 1045 1800 ejus
1062 1712 1128 1780 diei
1152 1711 1363 1782 Ciceronem
1378 1710 1517 1780 comitia

288 1829 461 1898 distulisse
477 1828 511 1896 in
528 1828 620 1896 aliud
633 1844 792 1917 tempus,
809 1843 850 1896 ut
863 1827 897 1895 in
914 1846 1040 1897 senatu
1056 1827 1098 1896 de
1115 1828 1171 1895 his
1185 1828 1289 1897 rebus
1304 1828 1430 1895 interea
1441 1848 1518 1918 age·

288 1962 393 2015 retur.
414 1944 471 2013 Ad
493 1966 650 2012 mensem
678 1944 831 2012 autemJ
837 1943 900 2011 ulii
922 1943 1065 2012 comitia
1089 1943 1294 2012 consulibus
1316 1941 1518 2032 cooptandis

289 2062 406 2130 haberi
417 2060 525 2128 moris
540 2077 622 2128 erat.
634 2061 732 2141 ldeo,
745 2082 785 2128 ea
797 2081 887 2148 quae
899 2059 1009 2147 retuli,
1022 2083 1141 2128 mense
1151 2061 1170 2129 J
1174 2059 1238 2129 ulii
1250 2059 1336 2128 facta
1352 2082 1427 2127 esse
1437 2075 1520 2127 sunt

290 2176 348 2265 qui
373 2175 596 2259 arbitrentur,
620 2196 731 2264 quum
755 2175 822 2243 alio
849 2191 1008 2265 tempore
1035 2177 1193 2266 primum
1223 2175 1385 2244 habenda
1410 2173 1520 2241 fuisse

290 2290 438 2361 comitia
451 2291 532 2359 nihil
547 2289 591 2358 sit
607 2290 746 2360 indici0.

336 2403 1519 2496 Pleriquever0‚menseOctobri,eademevenissecrederemalunt,

291 2522 371 2612 quia
383 2522 419 2590 in
434 2520 629 2612 posteriore
650 2520 811 2591 Octobris
826 2540 922 2611 parte
942 2522 1054 2612 reipsa
1078 2522 1196 2592 habita
1220 2546 1292 2591 esse
1316 2538 1451 2591 constet
1465 2543 1521 2590 co·

291 2638 400 2720 mitia,
418 2637 535 2706 habita
559 2660 636 2705 esse
656 2655 777 2706 autem
794 2637 855 2705 illa
876 2639 1080 2728 paulopost
1098 2660 1190 2716 eum,
1214 2661 1284 2727 quo
1306 2637 1411 2706 dilata
1432 2636 1520 2705 fuis·

293 2770 380 2836 sent,
400 2753 505 2840 diem,
522 2776 562 2821 ex
579 2753 735 2821 oratione
752 2752 813 2821 illa
828 2753 1040 2821 Mureniana
1055 2753 1241 2822 videantur
1265 2757 1280 2841 (
1306 2755 1334 2840 ).

328 3048 368 3117 (tl
386 3047 504 3117 Cretam,
522 3046 581 3102 Pro
597 3048 733 3115 Murena,
747 3048 841 3102 XXV.

330 3119 369 3190 (2)
386 3121 553 3198 Postquam
576 3117 678 3173 retulit
702 3118 810 3174 Cicero
836 3137 870 3175 ea
896 3138 964 3192 quae
985 3120 1220 3175 commemoravi
1246 3118 1395 3174 Catilinae
1419 3119 1522 3189 verba,

297 3212 309 3241 a
326 3189 383 3259 his,
398 3189 507 3261 inqurt,
523 3190 613 3245 rebus
636 3201 840 3245 commotus..
867 3191 1012 3246 descendi
1028 3190 1059 3245 in
1082 3191 1156 3246 Cam
1180 3209 1264 3247 um...
1283 3207 1389 3246 omnes
1400 3190 1439 3245 ad
1452 3191 1523 3245 Mu-

295 3278 399 3316 renam
426 3278 456 3315 se
479 3261 686 3316 contulerunt.
704 3283 716 3313 u
747 3261 818 3330 (Pro
837 3263 931 3332 Mun,
959 3261 1080 3330 XXVI.)
1105 3261 1142 3315 Vi
1167 3275 1255 3317 entur
1275 3279 1374 3316 errare
1402 3260 1465 3342 qui,
1490 3273 1524 3317 ut

293 3331 427 3387 Antoine
444 3329 589 3394 (Salluste.
606 3331 702 3398 Paris,
727 3333 810 3402 1888,
827 3349 856 3404 p.
872 3335 932 3404 92),
948 3333 1056 3388 eodem
1072 3332 1120 3388 die
1140 3333 1267 3388 credunt
1282 3332 1424 3388 Ciceront
1438 3331 1523 3388 Cati·

296 3402 388 3457 linam
404 3402 516 3457 dixisse
532 3403 623 3457 verba
636 3402 688 3457 illa
698 3402 888 3476 gravissima,
903 3417 932 3459 et
944 3404 1048 3458 Patres
1070 3403 1367 3459 senatusconsultum
1382 3403 1524 3458 ultimum

296 3486 401 3528 contra
415 3490 484 3529 eum
497 3472 615 3530 fecisse.
626 3474 735 3530 Cicero
747 3473 867 3529 enimin
884 3475 992 3530 eodem
1003 3475 1151 3531 orationis
1166 3474 1363 3530 Murenianae
1375 3475 1443 3529 loco
1454 3491 1523 3546 que·
1580 3487 1582 3490 ’

296 3544 372 3599 ritur
390 3545 493 3600 Patres
510 3543 586 3599 nihil
601 3544 663 3601 fere
679 3545 775 3618 egisse
792 3545 851 3600 nisi
875 3545 1118 3618 ingemiscerent,
1134 3557 1225 3619 atque
1243 3546 1285 3601 ita
1303 3563 1334 3601 se
1346 3546 1477 3618 gessisse
1490 3556 1525 3600 ut

297 3615 430 3671 Catilina
445 3633 460 3669 e
477 3614 559 3670 curia
576 3616 769 3688 egrederetur
783 3616 973 3690 triumphans
987 3616 1109 3690 gaudio,

333 3687 402 3753 Quo
417 3703 490 3742 vero
510 3685 559 3741 die
569 3686 673 3742 habita
691 3687 751 3742 sint
769 3687 892 3742 comitia
911 3700 1002 3760 atque
1029 3688 1171 3744 consules
1192 3687 1315 3744 Silanus
1341 3699 1371 3742 et
1396 3688 1524 3741 Murena

297 3757 389 3813 creati
406 3757 476 3826 sint,
494 3758 643 3813 nonsatis
659 3773 704 3813 est
724 3771 849 3814 certum.
872 3759 915 3813 De
932 3777 990 3831 qua
1009 3775 1040 3814 re
1060 3759 1177 3814 nullum
1193 3776 1229 3815 ex
1243 3757 1388 3814 Sallustio
1405 3773 1524 3813 sumere

298 3829 615 3896 licetdocumentum;
633 3829 796 3884 Sallustius
813 3828 894 3884 enim
910 3847 947 3885 ne
966 3829 1059 3885 dilata
1076 3830 1199 3902 quidem
1212 3847 1278 3886 esse
1294 3830 1331 3884 ad
1348 3829 1430 3884 aliud
1445 3841 1524 3884 tem-

297 3917 353 4025 pus
367 3899 490 3954 comitia
506 3899 622 3955 curavit
637 3913 670 3955 ut
696 3900 820 3956 diceret.
840 3901 966 3971 Eadem,
981 3900 1059 3956 inter
1076 3907 1224 3969 'recentes
1240 3900 1292 3956 alii
1311 3899 1372 3955 alio
1386 3913 1524 3973 ternpore

320 3969 401 4025 abita
413 3986 479 4024 esse
493 3969 688 4094 scripserunt.

332 4041 347 4096 J
353 4042 410 4095 .-ss.
428 4041 550 4112 Mispou
566 4054 595 4096 et
610 4042 733 4114 quidem
748 4060 843 4123 nuper
854 4041 885 4096 in
900 4058 967 4097 eam
982 4042 1163 4098 sententiam
1177 4042 1343 4115 disputavit
1359 4055 1392 4097 ut
1408 4059 1442 4097 ea
1458 4058 1524 4098 esse

299 4111 401 4167 habita
411 4125 526 4166 certum
535 4129 613 4168 esset
623 4126 692 4168 ante
703 4114 783 4169 diem
793 4113 970 4186 vigesimam
978 4113 1106 4237 primam
1116 4113 1440 4183 Octobris,verisimile
1452 4130 1524 4168 vero

299 4200 402 4238 mense
417 4183 599 4263 Septembri.
615 4185 654 4239 At
667 4184 745 4240 inter
760 4183 829 4252 alia,
845 4183 976 4255 quibusi
992 4184 1043 4239 lud
1063 4184 1174 4257 legenti
1194 4186 1350 4257 probetur,
1365 4184 1423 4238 hoc
1438 4183 1526 4239 affert

299 4254 382 4326 quod
404 4253 513 4309 milites
528 4254 636 4321 Mallii,
654 4256 706 4327 qui
724 4255 773 4310 die
790 4254 936 4327 vigesima
953 4256 1083 4326 septima
1098 4254 1242 4311 Octobris
1258 4273 1341 4310 arma
1356 4255 1387 4310 in
1404 4255 1525 4310 Etruria

260 4344 266 4351 ·
299 4324 459 4392 moverint,
473 4325 521 4380 die
537 4342 598 4397 quo
612 4326 704 4381 creati
728 4338 797 4382 sunt
813 4327 955 4380 consules
972 4327 1094 4382 Silanus
1107 4339 1136 4382 et
1146 4327 1284 4398 Murena,
1302 4327 1416 4381 Romae
1432 4326 1526 4381 fuisse

300 4413 336 4452 ex
347 4395 511 4450 Plutarcho
527 4397 854 4464 constet.(Cic.‚XlV.)
871 4397 998 4453 Minime
1012 4412 1113 4454 autem
1129 4410 1258 4453 constat.
1276 4397 1447 4452 Dicitenim
1458 4397 1527 4453 Plu·

299 4466 422 4522 tarchus
444 4465 582 4522 Malliani
604 4468 716 4524 milites
734 4470 859 4523 Romam
873 4469 996 4525 venisse
1018 4470 1067 4525 die
1083 4468 1243 4534 comitiali,
1268 4469 1321 4524 sed
1345 4488 1360 4521 a
1378 4469 1526 4524 Cicerone

299 4536 423 4593 comitia
441 4536 472 4592 in
489 4537 573 4594 aliud
595 4551 715 4612 tempus
731 4539 825 4594 fuisse
848 4538 951 4596 dilata.
976 4541 1067 4596 Haud
1082 4541 1146 4613 jure
1168 4540 1260 4613 igitur
1280 4539 1332 4595 ille
1354 4539 1463 4594 allatus
1481 4551 1527 4594 est

302 4607 456 4664 Plutarchi
470 4608 565 4667 locus,
581 4611 666 4666 Adde
692 4611 774 4683 quod
791 4610 872 4667 idem
891 4611 1073 4666 Plutarchus
1091 4611 1182 4681 libid.)
1200 4623 1302 4666 narrat
1317 4623 1399 4666 mota
1413 4627 1478 4666 esse
1494 4610 1527 4664 in

302 4680 422 4734 Etruria
438 4696 521 4734 arma
531 4681 623 4754 paulo
636 4695 706 4754 post
721 4699 811 4754 quam
827 4682 930 4739 habita
946 4683 1070 4738 comitia
1085 4695 1195 4740 essent.
1212 4682 1303 4748 Quod
1317 4699 1389 4736 sane
1405 4683 1527 4737 obstare

301 4751 406 4806 credas
418 4753 583 4822 quominus
598 4769 700 4808 mense
717 4753 887 4825 Septembri
904 4772 938 4809 ea
954 4754 1057 4809 habita
1071 4753 1165 4809 fuisse
1181 4752 1401 4808 existimentur.

339 4823 468 4876 Rursum
483 4836 550 4878 acta
564 4823 616 4878 illa
628 4841 694 4879 esse
710 4824 759 4879 die
771 4824 917 4897 vigesima
932 4839 1038 4880 octava
1053 4823 1207 4895 Octobris,
1224 4835 1258 4878 ut
1272 4822 1379 4879 volunt
1394 4821 1527 4878 Antoine

302 4891 429 4966 (op.ct't.,
446 4910 478 4965 p.
505 4912 537 4966 9¹
568 4894 692 4968 aliique,
713 4912 820 4968 parum
840 4895 1007 4952 verisimile
1034 4896 1173 4950 videatur
1194 4893 1395 4968 perpendenti
1424 4905 1526 4966 poste·

303 4963 414 5019 riorem
430 4980 499 5019 eum
518 4966 540 5021 P
555 4965 673 5022 utarchi
687 4966 800 5035 locum,
816 4967 977 5040 eidemque
996 4967 1146 5040 cogitanti
1161 4983 1252 5038 quam
1269 4964 1412 5038 graviter,
1429 4978 1528 5036 neque
