3725 6050
727 1313 927 1410 INDEX
969 1316 1193 1413 RUMER

748 1921 758 1929 a
799 1983 801 1987 Ι
842 1878 1122 1952 Pnonutuu

401 2070 442 2118 DE
457 2071 708 2120 CONJURATIONE
722 2069 897 2119 CATILINAE
913 2072 970 2120 RES
991 2072 1151 2120 BREVITER
1165 2070 1477 2120 COMMEMORAN'I'UR.
1554 2073 1566 2117 1
1586 2114 1588 2118 Α

872 2301 996 2370 PARS
1021 2302 1051 2371 1·

432 2481 587 2540 LEGITIME
612 2492 809 2540 MULCTATOS
832 2492 946 2539 MORTE
970 2491 1081 2539 FUISSE
1104 2492 1126 2537 Α
1149 2490 1313 2539 CICERONE
1336 2489 1484 2539 CONSULE

525 2608 730 2657 CATILINARII
753 2578 925 2656 FACiNORIS
949 2608 1065 2658 SOCIOS
1088 2605 1192 2656 RECTE
1215 2606 1386 2655 EXISTIMES

345 2782 416 2842 Cnr.
473 2783 497 2841 Ι,
518 2812 553 2825 -
574 2782 671 2850 Quale
685 2781 776 2837 fuerit
791 2782 906 2839 Romae
929 2783 967 2838 de
981 2781 1098 2838 civibus
1113 2780 1276 2855 puniendis
1290 2781 1337 2855 jus
1353 2779 1477 2836 ordina-

416 2869 494 2927 rium
505 2884 534 2927 et
549 2888 710 2927 commune
721 2870 1074 2945 paucisverbisrefertur
1077 2912 1475 2932 .......................
1540 2884 1572 2923 12
1606 2891 1608 2896 ·

345 2987 418 3044 Cur.
457 2986 499 3048 II.
523 3018 557 3031 -
579 2987 736 3058 Quaedam
751 2999 834 3045 extra
845 2987 927 3062 leges
942 2987 979 3044 de
994 2986 1215 3062 provocatione
1229 2987 1305 3043 latas
1320 2986 1352 3042 in
1366 3003 1423 3042 usu
1439 2985 1479 3042 le·

415 3074 522 3151 gitimo
538 3077 633 3134 fuisse
648 3089 764 3134 certum
775 3089 822 3134 est
825 3119 1027 3138 ............
1035 3100 1045 3135 ·.
1057 3117 1476 3138 ........................
1539 3073 1571 3129 15

346 3192 418 3253 Cir.
440 3192 497 3253 III.
521 3223 557 3235 -
578 3193 678 3263 Quam
697 3205 777 3250 recte
798 3193 966 3249 credideris
994 3193 1112 3249 senatui
1135 3192 1310 3249 facultatem
1326 3191 1421 3247 fuisse
1443 3204 1476 3247 ut

416 3281 608 3355 judIciariam
619 3282 782 3355 quamdam
794 3294 977 3356 potestatem
988 3294 1070 3338 extra
1079 3281 1219 3338 ordinem
1230 3280 1379 3337 tribueret
1382 3319 1475 3340 ......
1539 3297 1573 3352 17

346 3398 417 3454 Cir.
448 3398 501 3457 IV.
524 3399 614 3454 —De
630 3416 749 3455 summa
759 3399 947 3456 dictatorum
961 3399 1008 3457 vel
1017 3398 1048 3454 in
1062 3399 1144 3455 cives
1158 3414 1303 3453 romanos
1313 3407 1478 3469 potestate.

488 3488 511 3547 I.
531 3489 558 3543 A
557 3486 712 3562 fferuntur
726 3497 897 3560 aroumenta
909 3525 1474 3551 ................................
1536 3503 1569 3540 21

468 3576 508 3634 II.
532 3576 714 3634 Evertuntur
725 3577 896 3635 adversaria
901 3617 1475 3638 .................................
1536 3592 1574 3645 24

346 3692 418 3753 Cnr.
478 3693 514 3749 V.
535 3724 570 3736 -
591 3692 661 3750 Fuit
675 3712 744 3750 vere
767 3693 946 3750 consulibus
962 3711 999 3750 ex
1013 3693 1283 3750 senatusconsulto
1303 3689 1413 3749 ultimo
1428 3708 1479 3765 po·

415 3793 509 3838 testas
526 3783 676 3855 quaedam
690 3782 779 3856 quasi
792 3782 967 3844 dictatoria.

487 3872 510 3927 I.
530 3871 586 3928 Ex
600 3871 683 3928 dictis
697 3889 743 3929 res
759 3871 909 3950 colligitur
914 3910 1475 3935 ...............................
1536 3870 1568 3925 31

468 3960 511 4022 11.
534 3960 721 4028 Refelluntur
730 3978 802 4037 quae
816 3980 834 4017 α
850 3962 1024 4038 negantibus
1036 3961 1167 4036 oppositu
1180 3970 1246 4018 sunt
1252 4003 1475 4020 .............
1538 3959 1572 4014 32

452 4049 509 4107 III.
532 4050 735 4124 Exponuntur
745 4049 1202 4128 quaeabaffirmuntibusufferri
1209 4049 1321 4124 possint
1327 4089 1475 4108 .........
1535 4050 1572 4117 46

857 4282 984 4389 pins
1012 4284 1061 4353 11·

618 4476 653 4522 IN
677 4473 853 4523 PUNIENDIS
877 4473 1079 4524 CONJURA'I'IS
1102 4476 1295 4524 PRUDENTER

556 4587 723 4648 CIVILIQUE
746 4592 901 4640 CONSILIO
930 4590 1040 4640 EGISSE
1062 4591 1191 4640 CONSUL
1213 4591 1359 4638 VIDETUR

343 4784 415 4845 Cir.
473 4787 496 4844 I.
516 4816 552 4829 -
572 4787 753 4848 Ostenditur
777 4792 854 4849 bene
874 4791 986 4849 fecIsse
1009 4792 1117 4848 consul
1132 4787 1259 4864 quirem
1272 4801 1368 4847 totam
1383 4790 1421 4845 ad
1437 4805 1477 4844 se·

413 4887 519 4935 natum
535 4877 703 4938 vocaverit.

483 4964 507 5021 I.
529 4967 585 5022 Res
600 4969 661 5041 ipsa
682 4969 842 5045 exponitur
857 5009 1474 5033 ...................................
1536 4963 1572 5021 58
