3725 6050
827 797 1024 897 ..39-

314 993 430 1047 autern
439 974 475 1044 in
490 972 685 1065 periculum
694 971 842 1059 civitate,
857 971 930 1061 ubi,
947 990 983 1043 ut
995 975 1092 1045 salva
1107 991 1317 1062 esset,extra
1326 975 1488 1046 ordinem
1503 976 1538 1045 in

314 1115 392 1161 reos
406 1089 581 1184 agendum
603 1112 676 1158 esse
702 1106 843 1158 senatus
866 1089 1044 1177 censebat,
1065 1091 1150 1181 ipse,
1182 1090 1293 1182 patrio
1315 1090 1539 1183 legitimoque

315 1230 422 1295 more,
436 1206 574 1299 legibus
598 1205 666 1274 illis
691 1205 796 1274 fiebat
811 1206 937 1296 major,
954 1224 1071 1297 atque,
1085 1223 1124 1276 ut
1138 1208 1185 1276 ita
1201 1208 1328 1296 dicam,
1345 1230 1418 1276 non
1445 1208 1538 1298 iuste

316 1346 398 1393 eum
411 1347 447 1392 se
460 1344 583 1416 gerere
596 1322 731 1413 justum
744 1338 828 1391 erat.

361 1442 485 1530 ltaque
494 1439 528 1508 in
538 1438 633 1507 curia
646 1460 749 1508 nemo
759 1436 903 1513 curavit,
914 1461 958 1506 ne
969 1437 1099 1509 Caesar
1113 1439 1254 1529 quidem
1266 1439 1350 1530 ipse,
1364 1459 1402 1510 ut
1410 1442 1452 1510 de
1461 1462 1542 1533 pro-

315 1555 493 1625 vocatione
507 1573 677 1647 ageretur,
693 1577 825 1647 resque
840 1553 1016 1624 diceretur
1037 1556 1082 1624 ad
1096 1555 1239 1625 comitia
1254 1580 1330 1626 esse
1342 1557 1539 1647 rejicienda.

360 1671 558 1764 Appellavit
586 1671 727 1762 quidem
748 1670 908 1741 tribunos
937 1671 1049 1762 plebis
1070 1671 1215 1758 Caesar,
1245 1695 1411 1742 nonvero
1435 1674 1477 1743 de
1507 1697 1542 1744 re
1613 1660 1615 1663 ’

316 1788 387 1858 illa.
408 1788 485 1858 Dixi
508 1787 603 1856 enim
618 1788 687 1877 jam
711 1786 892 1858 censuisse
903 1787 1003 1855 illum
1028 1810 1097 1855 non
1114 1806 1226 1857 morte
1247 1789 1446 1880 puniendos
1464 1813 1541 1858 esse

319 1903 492 1977 Catilinae
504 1903 629 1989 socios,
643 1905 706 1973 sed
714 1904 861 1973 vinculis
873 1922 976 1994 atque
989 1904 1277 1974 bonorumetiam
1287 1906 1540 1996 publicatione.

318 2022 432 2112 Major
444 2037 564 2091 autem
580 2042 659 2112 pars
671 2037 813 2091 senatus
827 2037 937 2089 morte
956 2019 1070 2112 puniri
1084 2043 1144 2089 eos
1160 2021 1271 2111 jussit,
1292 2022 1363 2105 sed,
1392 2044 1472 2092 cum
1488 2045 1544 2092 re·

294 2195 300 2204 .
318 2155 472 2208 moveret
485 2138 584 2229 quod
597 2154 687 2207 esset
699 2139 735 2206 in
751 2137 916 2206 sententia
937 2136 1095 2206 Caesaris
1111 2137 1247 2225 mitius,
1274 2140 1371 2230 quod
1386 2138 1544 2209 severius

320 2272 409 2342 esset
422 2277 606 2323 assumere
621 2253 755 2323 voluit:
770 2254 1082 2322 condemnatorum
1105 2253 1200 2323 bona
1215 2277 1292 2323 esse
1311 2254 1417 2323 simul
1434 2255 1546 2344 publi·

319 2373 441 2441 canda.
459 2372 554 2440 Tum
568 2371 795 2439 vehementer
819 2369 1010 2462 appellavit
1026 2369 1162 2440 Caesar
1184 2370 1359 2441 tribunos.
1389 2372 1437 2440 Hi
1462 2395 1544 2441 vero

321 2511 363 2557 eo
375 2510 447 2578 quo
462 2486 531 2555 frui
547 2486 706 2555 solebant
718 2487 793 2576 jure
807 2485 858 2555 uti
878 2487 1085 2572 noluerunt,
1109 2486 1216 2577 inque
1231 2505 1306 2556 tota
1319 2510 1355 2556 re
1371 2487 1430 2557 illa
1445 2488 1546 2557 nullo

321 2603 429 2673 modo
444 2602 512 2671 sibi
529 2601 820 2672 intercedendum
836 2626 910 2671 esse
926 2619 1153 2694 putaverunt.

367 2717 559 2791 Neminem
572 2717 857 2810 igitutreperias,
874 2741 989 2810 neque
1006 2719 1043 2787 in
1055 2718 1542 2809 curia,nequeextracuriam,

322 2834 383 2927 qui
398 2834 523 2904 violari
539 2835 617 2924 jura
632 2834 757 2926 populi
774 2858 794 2902 a
810 2833 1044 2926 senatu,'quia
1060 2833 1278 2905 violarentur
1292 2837 1387 2928 leges
1397 2836 1545 2907 Porciae

321 2950 490 3043 aliaeque,
506 2968 584 3020 tum
597 2949 784 3020 dicendum
797 2973 872 3019 esse
886 2949 1083 3020 crediderit.

306 3372 308 3378 ,
370 3325 402 3370 2.
430 3301 500 3373 Sed
538 3302 601 3370 hoc
636 3299 740 3370 etiam
761 3299 895 3369 senatui
915 3299 1086 3389 objicitur,
1114 3323 1182 3369 non
1197 3298 1303 3368 fuisse
1316 3300 1347 3369 ei
1371 3299 1408 3368 in
1427 3303 1547 3393 Repu·

323 3417 415 3487 blica
429 3434 639 3509 potestatem
654 3416 892 3511 judiciariam.

372 3533 533 3604 Primum
560 3550 613 3603 est
638 3533 935 3622 respondendum,
960 3555 1050 3623 quae
1078 3549 1179 3602 antea
1191 3532 1284 3602 sacta
1312 3556 1415 3625 saepe
1438 3556 1549 3603 essea

327 3669 446 3721 senatu
472 3648 677 3736 memoravi,
709 3671 750 3716 ea
779 3650 993 3719 documento
1018 3673 1092 3718 esse
1118 3650 1215 3740 quod
1226 3649 1313 3718 hanc
1341 3666 1549 3736 potestatem

325 3789 422 3836 more
436 3766 583 3857 antiquo
603 3765 762 3852 haberet,
782 3783 878 3835 extra
899 3765 1058 3834 ordinem
1079 3765 1220 3857 quidem
1244 3766 1481 3836 exercendam.
1501 3768 1551 3835 De

328 3907 399 3976 qua
412 3900 588 3974 praeterea
601 3880 960 3952 animadvertendum
972 3899 1023 3950 est
1037 3882 1174 3951 nullam
1188 3898 1264 3951 tum
1285 3880 1395 3955 fuisse
1422 3882 1549 3952 factam

327 3997 613 4070 controversiam.
645 3999 759 4068 Immo
781 3998 996 4090 Caesaripse
1011 4000 1100 4068 adeo
1125 3998 1223 4067 illam
1243 4013 1448 4089 potestatem
1478 4022 1551 4067 non

295 4164 299 4169 -
328 4114 466 4206 negavit
479 4131 516 4183 ut
529 4137 568 4183 ea
582 4113 635 4187 uti
653 4116 773 4183 Patres
788 4114 951 4202 voluerit,
969 4138 1083 4205 neque
1096 4115 1132 4182 in
1146 4138 1181 4183 re
1203 4115 1270 4183 alia
1286 4114 1552 4207 discrepuerita

328 4233 609 4322 majoresenatus
619 4248 732 4322 parte,
743 4229 812 4299 nisi
828 4230 863 4298 in
874 4230 1017 4322 iisquae
1031 4231 1065 4299 vi
1081 4232 1225 4321 hujusce
1233 4231 1554 4324 potestatisagenda

328 4364 454 4419 essent.
474 4346 591 4418 Suasit
616 4347 710 4416 enim
731 4347 871 4416 senatui
904 4365 942 4416 ut
967 4347 1173 4437 conjuratos
1198 4348 1370 4436 judicaret
1393 4348 1554 4439 judican-

328 4466 440 4556 doque
460 4466 726 4550 condemnaret,
750 4463 797 4532 ita
816 4480 935 4532 tamen
960 4481 999 4532 ut
1025 4486 1156 4533 carcere
1182 4476 1321 4533 tantum
1338 4487 1410 4532 non
1435 4481 1554 4533 autem

330 4580 453 4673 capite,
469 4597 509 4649 ut
520 4581 705 4649 voluerunt
718 4579 873 4671 plurimi,
891 4580 1160 4650 mulctarentur.

329 4732 481 4808 conjurati
495 4730 604 4788 exsilio
620 4731 786 4788 mulctandi
799 4731 928 4788 luissent
943 4731 972 4787 vi
985 4731 1060 4813 legis
1078 4731 1216 4787 Lutetiae
1225 4729 1271 4786 vel
1290 4727 1437 4785 Plautiae.
1453 4730 1554 4802 Atque

331 4807 430 4879 reipsa
441 4803 549 4861 exsilio
564 4803 747 4860 mulctarunt
762 4803 877 4877 judiees
893 4804 1053 4872 ordinarii,
1071 4820 1217 4876 oppressa
1237 4800 1459 4874 conjuratione,
1477 4820 1554 4873 quos

330 4877 363 4934 in
376 4894 411 4933 ea
426 4892 517 4932 causa
529 4888 665 4933 versatos
690 4893 755 4931 esse
777 4877 1000 4932 convicerunt:
1019 4873 1249 4948 Vargunteium,
1267 4872 1415 4939 Servium,
1440 4873 1556 4928 Autro-

329 4950 428 5017 nium,
440 4948 474 5005 C.
487 4946 664 5004 Cornelium
679 4946 826 5020 aliosque.
