3725 6050
831 840 1026 913 ..83-

314 1020 457 1109 judices,
485 1018 551 1087 nisi
571 1040 642 1087 uno
668 1035 746 1108 post
771 1040 876 1103 anno,
902 1018 951 1086 ita
978 1016 1085 1085 etiam
1113 1034 1151 1085 ut
1179 1039 1282 1086 reum
1299 1018 1534 1101 absolverent.

360 1138 488 1227 Neque
514 1136 626 1203 multo
654 1151 744 1226 post,
774 1132 997 1224 proscriptos,
1029 1130 1145 1223 Syllae
1173 1149 1343 1223 tempore,
1372 1134 1538 1204 occidisse

316 1252 406 1320 idem
442 1251 653 1342 arguebatur
681 1249 773 1340 apud
810 1248 1098 1339 quaestionemde
1115 1248 1274 1334 sicariis,
1302 1249 1358 1317 cui
1380 1267 1539 1339 praeerat

317 1366 360 1439 C.
376 1367 496 1436 Julius
521 1366 666 1437 Caesar.
690 1369 864 1457 Apertum
891 1381 964 1434 erat
990 1364 1139 1433 facinus.
1157 1363 1297 1433 Judicio
1315 1381 1432 1433 tamen
1461 1388 1541 1434 reus

316 1484 482 1553 liberatus
495 1499 556 1551 est.
571 1482 696 1551 Voluit
713 1504 795 1550 sane
808 1480 940 1551 Caesar
954 1481 1120 1549 audacem
1136 1479 1200 1548 sibi
1217 1502 1356 1575 servare
1370 1481 1539 1551 adversus

319 1602 441 1668 Patres
452 1597 665 1688 adjutorem.

363 1715 466 1785 Unde
491 1715 528 1783 fit
552 1730 590 1781 ut
616 1713 790 1784 Catilinae
819 1712 1065 1802 quaestionum
1092 1711 1232 1781 illarum
1262 1712 1425 1781 minimus
1452 1722 1540 1782 esset

317 1831 431 1899 timor.
460 1831 571 1916 Nam,
587 1828 677 1897 facto
694 1830 762 1918 iam
792 1829 1091 1897 senatusconsulto
1115 1828 1252 1915 ultimo,
1268 1850 1351 1895 cum
1367 1830 1409 1896 L.
1432 1830 1541 1897 AEmi·

318 1947 383 2014 lius
396 1946 530 2014 Paulus
555 1945 804 2016 accusationem
822 1944 853 2013 ei
867 1944 1047 2013 minitatus
1070 1961 1158 2012 esset
1181 1944 1273 2033 apud
1298 1944 1540 2036 quaestionem

317 2061 360 2129 de
374 2061 408 2131 vi
421 2060 950 2146 instituendam,accusationem
977 2059 1073 2128 illam
1099 2060 1313 2128 confidenter
1335 2077 1369 2128 et
1388 2061 1535 2150 superbe

320 2178 392 2267 ipse
415 2176 559 2266 excepit,
575 2194 608 2246 et
623 2199 658 2245 se
692 2199 814 2268 rogare
836 2175 1018 2265 professus
1044 2193 1158 2261 estut,
1182 2175 1268 2244 dum
1295 2176 1539 2265 inquireretur,
1593 2258 1596 2263 Ι

320 2293 413 2383 apud
439 2292 598 2381 quemvis
621 2292 866 2383 magistratum
895 2291 949 2359 vel
982 2307 1194 2377 senatorem,
1220 2291 1274 2359 vel
1303 2291 1398 2381 apud
1427 2291 1543 2381 ipsum

321 2408 539 2494 Ciceronem,
553 2409 588 2476 in
603 2408 762 2477 custodia
775 2410 1036 2492 asservaretur(
1064 2413 1085 2494 ).

303 2532 307 2537 ’
364 2523 611 2595 Arbitrabatur
630 2524 723 2592 enim
750 2547 787 2591 se
814 2522 1047 2613 ejusdemque
1067 2523 1116 2591 rei
1137 2522 1262 2608 socios,
1292 2522 1320 2589 si
1349 2521 1543 2611 adjudices

322 2637 1546 2726 ordinarios,usitatomod0‚judicandivocatiessent,facturosesse,vel
1608 2694 1612 2702 .

321 2756 431 2824 verbis
446 2755 647 2843 artibusque
660 2773 697 2823 ut
711 2755 986 2840 absolverentur,
1003 2754 1091 2823 sicut
1105 2755 1176 2845 ipse
1189 2753 1241 2822 bis
1266 2754 1335 2842 jam
1360 2754 1541 2822 absolutus

322 2888 405 2956 erat,
417 2872 472 2940 vel
486 2872 631 2940 audacia
647 2889 749 2959 atque
762 2870 886 2962 agendi
898 2870 1072 2939 celeritate
1095 2888 1133 2939 ut
1149 2870 1247 2961 prius
1273 2892 1381 2960 quam
1408 2870 1547 2959 judica-

306 3004 441 3056 ·rentur
456 3009 497 3057 ea
513 3009 601 3077 quae
617 3003 747 3056 tentare
763 2985 1029 3057 destinavissent
1041 3003 1327 3078 exsequerentur.

370 3105 449 3173 Hoc
464 3103 607 3195 quidem
621 3103 778 3172 omnium
795 3103 903 3171 oculis
918 3119 993 3170 tam
1006 3119 1079 3171 erat
1093 3102 1247 3188 evidens,
1265 3121 1304 3172 ut
1318 3102 1449 3173 Caesar
1473 3105 1546 3194 ipse

323 3241 398 3287 reos
415 3218 607 3308 adjudices
631 3218 824 3287 ordinarios
847 3218 1087 3303 remittendos,
1113 3218 1308 3308 usitatoque
1334 3219 1439 3287 modo
1460 3219 1548 3307 judi-

323 3335 467 3421 candos,
485 3357 623 3404 censere
638 3333 781 3403 minime
797 3357 906 3402 ausus
921 3333 980 3402 sit.

371 3705 403 3751 2.
422 3684 580 3751 Poenam
590 3703 671 3751 vero
681 3705 763 3751 eum
776 3682 998 3773 proposuisse
1020 3681 1055 3749 in
1068 3683 1271 3771 conjuratos
1287 3699 1382 3750 extra
1395 3682 1552 3752 ordinem

311 3799 592 3885 decernendam,
612 3816 722 3867 morte
745 3821 825 3867 vero
845 3801 1028 3884 minorem,
1061 3798 1131 3887 jam
1162 3797 1376 3866 dictumest.
1404 3799 1453 3868 De
1481 3810 1554 3889 quo·

324 3915 407 3983 audi
427 3915 629 3983 Sallustium
649 3915 889 3983 scribentem:

371 4029 550 4116 «Caesar,
577 4030 637 4098 ubi
670 4030 714 4099 ad
738 4053 821 4099 eum
843 4048 989 4099 ventum
1020 4048 1082 4115 est,
1116 4046 1263 4119 rogatus
1295 4030 1509 4098 sententiam
1533 4052 1553 4098 a

326 4147 503 4214 consule»
526 4146 611 4214 dixit
630 4173 643 4209 a
732 4146 777 4213 ita
797 4168 922 4214 censeo
940 4144 1200 4234 :publicandas
1226 4168 1348 4215 eorum
1375 4145 1551 4237 pecunias,

327 4260 421 4349 ipsos
436 4260 473 4328 in
493 4261 641 4331 vinculis
661 4262 837 4330 habendos
851 4284 913 4351 per
925 4261 1123 4350 municipia,
1139 4283 1229 4351 quae
1249 4284 1413 4330 maxume
1427 4261 1553 4352 opibus

327 4376 459 4450 valent:
478 4399 546 4446 neu
572 4379 649 4465 quis
673 4378 717 4445 de
747 4377 795 4445 eis
815 4393 938 4468 postea
957 4377 1001 4445 ad
1014 4392 1179 4446 senatum
1199 4376 1337 4464 referat,
1363 4400 1447 4446 neve
1474 4398 1553 4444 cum
1646 4463 1649 4468 Ι

306 4497 311 4504 “
327 4491 455 4581 populo
469 4509 548 4583 agat
562 4515 570 4576 ;
593 4493 653 4582 qui
673 4492 775 4561 aliter
788 4493 912 4580 fecerit,
926 4511 1086 4562 senatum
1099 4510 1324 4563 exustumare
1337 4515 1421 4562 eum
1436 4483 1556 4560 contra

329 4608 588 4697 rempublicam
608 4624 643 4678 et
664 4609 813 4677 salutem
833 4610 994 4677 omnium
1014 4609 1189 4677 iacturum
1211 4613 1268 4696 (2).
1285 4637 1300 4673 »

375 4722 495 4812 Quam
513 4745 674 4814 poenam,
691 4748 819 4795 novam
839 4726 998 4817 quidem,
1014 4748 1086 4794 non
1107 4748 1185 4794 eam
1206 4742 1321 4793 tamen
1338 4724 1446 4793 luisse
1467 4723 1556 4793 exis-

365 4891 588 5034 qqqlgasfircff
599 4893 701 4962 Catil,
718 4895 797 4952 Vnt.
812 4895 957 4969 Neglecta
969 4894 1125 4952 accusatio
1139 4894 1190 4951 illa
1201 4894 1321 4952 cecidit.
