3725 6050
834 650 1032 744 ..46-

315 845 358 900 ut
369 827 463 902 Cato
476 827 590 916 maior
604 844 727 918 quater
741 844 774 897 et
790 826 1005 919 quadragies
1023 842 1205 895 accusatus
1215 823 1331 905 fuerit,
1346 841 1544 915 quaterque

315 963 351 1017 et
363 942 573 1038 quadragies
588 943 794 1036 quaestione
808 943 995 1020 liberatus;
1013 965 1085 1035 qua
1099 964 1136 1010 re
1154 962 1263 1009 ranas
1277 940 1468 1031 inanesque
1482 963 1544 1010 ac-

313 1059 511 1135 cesariana
527 1059 604 1130 illas
617 1059 723 1130 fuisse
738 1077 845 1152 paret.

362 1177 473 1253 Unde
487 1177 525 1249 fn
544 1193 586 1248 ut
601 1199 664 1269 ego
678 1176 780 1248 miter
794 1198 865 1245 non
887 1198 973 1245 sane
991 1174 1101 1267 quod,
1115 1197 1155 1242 ex
1170 1196 1239 1242 usu
1252 1173 1432 1265 potestatis
1449 1190 1544 1241 extra

315 1293 481 1368 ordinem
518 1293 726 1366 consulibus
761 1293 878 1377 datae,
902 1291 1043 1361 occasio
1087 1290 1276 1359 accusandi
1319 1306 1458 1379 sumpta
1493 1304 1545 1358 est

316 1409 525 1506 aliquando,
540 1411 605 1483 sed
620 1410 717 1504 quod
732 1409 871 1503 saepius
888 1431 958 1478 non
971 1425 1111 1499 sumpta
1127 1407 1184 1477 sit.

366 1525 615 1622 neglegendae
641 1526 750 1621 igitur
766 1526 1016 1606 accusationes,
1034 1526 1252 1595 observanda
1263 1540 1381 1593 autem
1392 1522 1545 1616 diligen-

317 1641 457 1717 tissime
470 1642 612 1736 judicia,
631 1645 725 1716 Nam
747 1666 873 1714 eorum
892 1641 1070 1726 omnium,
1087 1640 1149 1733 qui
1166 1640 1217 1710 rei
1236 1641 1283 1709 ob
1303 1662 1383 1709 eam
1401 1660 1546 1708 causam

319 1757 398 1834 tacti
418 1775 513 1844 sunt,
530 1780 635 1832 nemo
648 1776 700 1832 est
715 1782 824 1853 quem
844 1758 900 1828 sui
919 1781 1063 1850 compos
1074 1758 1227 1849 populus
1241 1754 1543 1836 condamnaverit;

318 1873 479 1968 singulos
500 1875 683 1948 absolutos
706 1875 816 1961 misit,
839 1899 955 1969 neque
970 1876 1087 1945 furore
1115 1873 1316 1964 iniuriaque
1339 1872 1544 1954 factionum,

321 2013 438 2088 neque
461 1991 639 2066 blanditiis
671 1992 857 2065 bominum
890 1991 1128 2084 popularium,
1154 1990 1214 2081 qui
1243 1988 1479 2059 hortabantur
1504 2010 1547 2057 ne

321 2124 476 2204 parserat
492 2106 535 2180 iis
548 2107 609 2199 qui
624 2108 700 2200 jura
711 2109 788 2200 ejus
802 2109 998 2194 laesissent,
1018 2108 1113 2177 nullo
1128 2106 1281 2198 denique
1293 2105 1401 2174 modo
1414 2103 1546 2174 adduci

322 2222 439 2322 metuit
453 2240 491 2300 ut
501 2245 561 2298 eut
572 2241 695 2298 centro
711 2225 803 2320 luges
818 2225 930 2318 egisse
950 2242 1118 2294 censeret.

371 2341 479 2444 iirgo,
503 2358 541 2416 ut
566 2363 657 2436 quae
679 2340 942 2436 comprobanda
965 2340 1086 2411 curavi
1100 2340 1135 2408 in
1146 2340 1250 2409 breve
1273 2339 1341 2428 jam
1364 2353 1546 2429 cogantur,

320 2479 455 2532 essese
475 2457 653 2538 videniur.
670 2481 761 2554 quae
786 2458 976 2529 afferuntur
999 2481 1019 2528 a
1040 2456 1249 2549 negantibus
1270 2469 1490 2546 argumenta,
1507 2468 1549 2521 ut

323 2593 446 2670 tratum
471 2575 571 2648 littus
598 2576 649 2648 vel
671 2575 801 2646 nullius
820 2575 926 2646 etiam
948 2574 1110 2667 ponderis
1128 2572 1289 2641 habenda
1304 2594 1380 2639 esse
1401 2569 1551 2639 fortasse

323 2686 514 2764 saianans,
535 2690 603 2762 Fas
627 2689 737 2778 enim,
751 2691 811 2784 qui
835 2690 1094 2761 affirmantibus
1114 2711 1228 2758 unum
1246 2711 1286 2757 ex
1304 2686 1417 2756 tribus
1440 2708 1551 2777 oppo-

326 2821 430 2889 nunt,
455 2804 507 2878 vat
531 2805 621 2898 beret
646 2806 788 2880 Porciae
809 2808 967 2899 aliasque
992 2805 1167 2877 obstitisse
1194 2804 1383 2895 quominus
1408 2802 1462 2871 vis
1490 2802 1550 2871 illa

326 2919 431 3018 quaer
452 2918 638 2996 natantia
662 2924 799 2996 consuli
821 2923 1052 3006 tribueretur,
1071 2923 1126 2992 vel
1147 2938 1317 3013 potestate
1341 2920 1435 2989 omni
1460 2918 1551 3009 judi-

324 3035 434 3111 ciarie
454 3036 630 3114 senatun
650 3040 816 3130 caruisse,
833 3042 886 3112 vel
914 3041 992 3110 illos
1016 3055 1193 3110 accusatos
1214 3036 1368 3127 essequi
1391 3053 1551 3105 senatus-

325 3154 489 3231 correano
499 3153 625 3229 uitiato
640 3155 695 3229 usi
716 3155 972 3243 annitentibus
988 3156 1051 3226 niti
1066 3154 1288 3244 argumentis
1301 3170 1405 3244 atque
1418 3141 1548 3236 errare,

325 3292 405 3369 spes
416 3270 532 3361 atton
552 3271 638 3345 nubi
654 3290 708 3345 est
723 3272 828 3346 fuisse
843 3273 1126 3367 comprobatum.
1462 3257 1466 3262 ’

375 3514 439 3591 ΙΙΙ,
458 3553 499 3565 ··
515 3513 752 3613 &sponsatur
767 3538 854 3613 quae
873 3517 917 3587 ab
936 3515 1197 3610 affirmantibus
1211 3511 1342 3607 afferri
1348 3510 1505 3604 possint.

376 3741 477 3812 Nune
516 3761 595 3815 vero
633 3757 684 3812 est
720 3740 859 3836 longius
894 3739 1207 3834 progrediendum,
1240 3737 1552 3827 adjiciendumque

330 3856 525 3929 multaesse
547 3855 739 3951 exquibus
761 3856 955 3951 legitimum
974 3856 1081 3926 fuisse
1103 3853 1450 3925 senatusconsultum
1468 3851 1554 3921 ulti·

329 3993 427 4045 mutu
443 3972 659 4043 credendum
675 3995 747 4045 esse
759 3989 940 4067 appareat.
1382 3958 1403 3990 ⁵

380 4111 409 4159 t.
430 4086 588 4159 Primum
607 4110 646 4159 ex
670 4111 737 4161 usu
762 4090 993 4184 moribusque
1017 4112 1156 4160 sumam
1180 4108 1441 4181 argumentum.
1461 4085 1552 4159 Mul-

332 4223 408 4275 tum
441 4202 537 4275 enim
572 4204 688 4276 valere
715 4204 915 4298 legibusque
939 4205 1076 4299 scriptis
1102 4186 1341 4297 aequiparari,
1370 4226 1413 4273 ne
1440 4201 1556 4272 dicam

331 4336 517 4415 praestare,
538 4343 641 4393 usum
664 4343 857 4415 moresque,
876 4345 984 4415 quum
1010 4322 1044 4392 in
1070 4321 1231 4414 plurimis
1246 4319 1457 4401 civitatibus,
1475 4335 1555 4386 tum

332 4438 486 4511 maxime
512 4435 546 4509 in
563 4454 671 4509 vetere
694 4436 752 4509 iiia
774 4438 970 4531 Republica
990 4461 1146 4522 romana,
1170 4439 1240 4528 jam
1256 4453 1356 4507 antea
1378 4417 1556 4507 ostensum

332 4573 395 4625 est.

313 4666 339 4711 Ψ
378 4671 487 4767 Atqui
514 4672 603 4743 hanc
628 4671 670 4744 de
694 4692 762 4764 qua
785 4671 900 4765 agitur
922 4687 1125 4764 potestatem
1146 4670 1180 4739 in
1201 4693 1266 4738 usu
1289 4691 1426 4760 semper
1446 4666 1555 4765 fuisse

331 4806 483 4863 constat.
500 4788 531 4861 N
536 4808 591 4859 um
616 4786 650 4859 in
673 4786 774 4861 rebus
795 4786 938 4882 trepidis
953 4784 1075 4880 titique
1092 4785 1265 4858 Romanis
1281 4808 1355 4855 esse
1369 4781 1470 4855 solita
1489 4801 1555 4868 est,
