3725 6050
867 724 1066 799 ,ιι-66..

354 924 424 973 nus
441 902 516 980 ille;
534 902 618 971 haec
642 923 723 970 vero
744 899 866 970 addit:
885 928 901 963 u
924 899 1017 971 Mais
1036 900 1212 992 pourquoi
1232 900 1322 969 a-t-il
1342 900 1522 970 demande
1537 924 1581 980 au

352 1015 459 1091 Senot
475 1019 518 1086 de
532 1017 627 1108 juger
642 1017 690 1085 les
702 1015 861 1104 conjure‘s
876 1016 942 1102 (tii
960 1043 975 1080 t)

395 1132 502 1222 Quod
517 1132 699 1224 quaerenti
715 1130 814 1200 facile
829 1153 914 1200 sane
928 1133 1154 1222 respondeas.

397 1248 558 1318 Primum
587 1248 693 1328 enim,
724 1245 783 1337 qui
814 1245 966 1338 legitime
993 1247 1248 1338 prudenterque
1276 1246 1322 1315 ad
1354 1247 1391 1315 id
1417 1250 1582 1338 temporis

351 1364 472 1433 omnia
488 1362 643 1432 retulisse
659 1363 704 1431 ad
722 1380 883 1432 senatum
902 1362 1086 1431 consulem
1102 1379 1215 1454 putat,
1236 1362 1266 1430 is
1279 1384 1405 1453 parum
1419 1382 1580 1434 constare

350 1478 417 1552 sibi
444 1479 597 1557 videtur,
626 1499 706 1547 cum
735 1500 818 1546 eum
844 1478 935 1546 male
961 1477 1152 1569 vitioseque
1185 1476 1324 1547 duobus
1351 1479 1579 1570 sequentibus

350 1594 471 1664 diebus
486 1593 576 1662 idem
587 1592 711 1662 fecisse
729 1593 917 1661 existimat.

395 1709 539 1797 Deinde,
563 1708 858 1799 quandoquidem
883 1709 1004 1777 consul
1026 1708 1071 1777 ab
1098 1708 1201 1777 initio
1226 1707 1364 1792 fecerat,
1385 1709 1579 1778 rectissime

349 1825 489 1916 quidem
501 1842 534 1893 te
550 1824 675 1912 iudice,
691 1842 729 1892 ut
742 1845 824 1892 cum
840 1823 919 1914 ipso
935 1841 1058 1892 senatu
1074 1845 1149 1893 rem
1161 1840 1271 1894 totam
1286 1842 1432 1916 gereret,
1449 1825 1579 1899 mirum

348 1963 432 2011 sane
456 1940 579 2008 fuisset
600 1941 629 2007 si
654 1939 763 2025 illam,
783 1938 908 2008 ultimo
931 1938 1000 2024 die,
1024 1961 1044 2008 a
1064 1956 1190 2009 senatu
1211 1940 1315 2035 adse
1339 1940 1457 2009 solum
1483 1963 1579 2010 revo-

347 2073 470 2126 casset.
489 2058 604 2144 Atque
616 2077 657 2124 eo
673 2054 787 2145 magis
803 2053 931 2123 mirum
946 2056 1043 2144 quod
1065 2078 1120 2123 res
1143 2056 1301 2144 jamnon
1328 2073 1405 2124 erat
1429 2056 1577 2148 integra.

347 2171 468 2240 Tertia
487 2170 580 2239 enim
601 2169 656 2238 die
681 2169 883 2239 Decembris
905 2186 1011 2239 testes
1030 2187 1186 2252 senatus,
1201 2172 1380 2240 voluntate
1403 2171 1576 2254 consulis,

347 2286 533 2356 audiverat
564 2312 571 2355 ε
604 2285 697 2376 apud
724 2307 803 2355 eum
828 2283 976 2354 tabellae
1002 2284 1141 2355 fuerant
1163 2285 1341 2369 recitatae,
1375 2285 1578 2376 indiciaque

347 2401 516 2495 exposita,
533 2417 605 2470 tota
621 2400 771 2491 denique
785 2400 964 2490 inquisitio
980 2400 1084 2469 facta.
1103 2399 1327 2491 Sequebatur
1341 2424 1423 2470 sane
1437 2419 1476 2471 ut
1493 2424 1577 2471 sen-

346 2517 495 2587 tentiam
510 2517 597 2607 ipse,
624 2516 749 2586 eadem
761 2515 916 2584 consulis
942 2517 1135 2601 voluntate,
1158 2515 1271 2587 ferret.
1286 2519 1367 2587 Non
1384 2534 1461 2585 erat
1482 2517 1577 2587 enim

345 2631 443 2722 quod
459 2632 609 2720 iudices,
623 2631 761 2723 cognita
776 2653 891 2710 causa,
911 2629 1065 2718 iudicare
1080 2632 1205 2700 consul
1222 2654 1295 2701 non
1309 2649 1500 2723 pateretur.

392 2747 552 2835 Denique
575 2770 650 2816 tem
672 2746 788 2837 palam
811 2745 990 2838 cognitam
1015 2746 1131 2836 palatn
1157 2746 1305 2835 judicari
1332 2765 1575 2838 opportunum

345 2879 431 2931 erat.
451 2861 529 2932 Nisi
554 2860 646 2929 enirn
666 2861 782 2951 palam
806 2860 960 2930 incuria
983 2861 1262 2951 judicataesset,
1278 2884 1351 2931 non
1374 2862 1574 2933 adfuissent

344 2976 532 3066 coniuratis
552 2976 612 3067 qui
633 2998 698 3067 pro
719 2976 769 3045 eis
792 2977 960 3058 dicerent,
976 2977 1186 3067 occasioque
1209 2977 1330 3047 amicis
1351 3000 1474 3048 eorum
1493 2981 1574 3050 data

344 3110 437 3164 esset
457 3093 631 3162 duriorem
651 3093 821 3185 arguendi
842 3094 1065 3179 sententiam,
1079 3092 1229 3193 remotis
1253 3116 1393 3164 reorum
1416 3094 1576 3164 defenso-

344 3208 454 3290 ribus,
471 3209 516 3278 ab
536 3231 605 3277 uno
626 3208 771 3278 homine
787 3209 905 3277 latam.
924 3211 965 3278 ln
986 3232 1025 3278 ea
1043 3209 1107 3279 fuit
1127 3209 1374 3301 igiturmente
1393 3212 1575 3281 consulut

342 3325 496 3417 populus
518 3346 728 3416 persuasum
753 3324 900 3393 haberet
922 3323 1032 3393 fuisse
1055 3324 1117 3414 qui
1142 3347 1220 3394 reos
1244 3325 1489 3412 defenderent,
1512 3328 1575 3417 qui

343 3458 460 3511 contra
474 3440 597 3510 mortis
613 3462 767 3531 poenam
786 3439 837 3508 eis
854 3438 1090 3524 inferendam,
1108 3440 1138 3509 si
1158 3440 1245 3531 quid
1260 3457 1353 3510 esset
1368 3440 1574 3528 dicendum,

337 3556 511 3642 dicerent,
537 3554 712 3624 audivisse
740 3555 846 3623 simul
872 3554 991 3623 omnia
1023 3555 1254 3648 magistratus
1279 3579 1365 3626 suos
1392 3556 1571 3639 tribunos,¹

344 3694 494 3762 cumque
525 3671 562 3740 hi
591 3671 753 3762 appellati
791 3670 1044 3740 abstinuissent
1078 3671 1271 3763 quominus
1306 3672 1572 3759 intercederent,

344 3788 486 3882 signum
500 3811 574 3858 esse
588 3785 677 3857 nihil
694 3788 862 3857 adversus
878 3786 1081 3875 coniuratos
1106 3786 1212 3857 fuisse
1233 3786 1364 3857 factum
1384 3788 1481 3878 quod
1498 3788 1574 3859 fieri
1649 3864 1652 3869 ,

343 3926 413 3974 non
428 3926 580 3996 aequum
594 3920 682 3973 esset
694 3886 799 3993 atque
815 3901 1026 3993 legitimum.

388 4019 544 4089 Causam
558 4042 637 4109 ergo
657 4019 782 4103 habes,
798 4019 1044 4108 eamdemque,
1063 4033 1103 4085 ut
1119 4017 1205 4086 mihi
1219 4016 1368 4104 videtur,
1383 4016 1569 4107 optimam,

342 4156 404 4204 cur
420 4134 453 4201 in
468 4151 592 4202 senatu
609 4134 731 4202 consui
743 4135 787 4203 de
803 4134 993 4224 coniuratis
1006 4133 1221 4201 sententiam
1233 4131 1317 4201 fetri
1328 4133 1491 4202 voluerit.

388 4252 571 4339 Negatum
598 4266 652 4319 est
675 4271 758 4318 vero
778 4271 933 4339 unquam
958 4248 1116 4316 futurum
1144 4247 1249 4317 fuisse
1275 4265 1315 4317 ut
1331 4245 1456 4319 Cicero
1471 4248 1572 4317 dam·

342 4382 501 4449 naretur,
517 4365 545 4433 si
560 4366 592 4433 vi
613 4365 796 4456 potestatis
816 4387 898 4433 suae
919 4364 991 4454 ipse
1011 4362 1215 4453 judicasset:
1236 4390 1253 4426 «
1276 4363 1306 4431 Il
1326 4363 1571 4451 est‘probable

342 4503 409 4571 que
423 4503 595 4574 personne
616 4479 712 4550 n’eitt
731 4482 795 4549 ose
817 4484 846 4549 le
867 4481 1092 4571 poursuivre;
1107 4500 1150 4548 en
1164 4495 1239 4548 tout
1254 4499 1326 4562 cas,
1341 4478 1365 4548 il
1388 4499 1432 4548 ne
1454 4501 1493 4548 se
1515 4477 1572 4548 fut

343 4597 444 4692 point
459 4597 581 4667 trouve
593 4619 641 4665 un
653 4597 730 4687 jury
746 4595 881 4665 romain
894 4617 983 4685 pour
998 4596 1028 4665 le
1040 4595 1257 4664 condamnet
1274 4596 1331 4682 (2).
1349 4618 1366 4658 a

333 4757 337 4831 Ξ
377 4787 420 4929 {tp
431 4785 446 4841 J
451 4785 509 4846 .·B.
526 4785 717 4855 Mtsrounnr,
730 4798 779 4855 op.
792 4782 848 4853 cit,
862 4800 892 4855 p.
911 4782 976 4840 203.

391 4875 406 4912 2
432 4856 506 4917 J.-ss.
524 4856 714 4926 Maronem,
730 4854 813 4926 ibid„
828 4871 859 4928 p.
874 4853 940 4909 231.
