3725 6050
839 843 889 857 ..
914 802 1038 887 35..

325 980 566 1053 ἱεετίετετυιῃ
592 980 812 1073 capitalium,
840 1003 937 1049 more
963 984 1139 1073 masuram
1165 980 1377 1071 supplicium
1401 1003 1550 1049 sumun-

327 1099 427 1169 dum.
451 1125 467 1163 tr
788 1175 790 1179 Α
945 1115 947 1118 ’

314 1286 317 1291 ,
369 1215 437 1288 Cui
452 1238 610 1285 assensus
630 1232 680 1284 est
701 1233 840 1284 senatus
860 1213 1040 1306 frequens.
1056 1214 1277 1303 Quinetiam
1298 1215 1342 1284 'de
1364 1216 1439 1307 lege
1455 1216 1550 1289 Sern-

325 1332 450 1423 pronia
464 1332 613 1423 aliisque
627 1332 723 1400 nulla
739 1329 806 1400 luit
821 1354 897 1399 vere
912 1329 1166 1403 controversia.
1179 1330 1286 1419 Quod
1301 1331 1345 1399 ad
1362 1331 1551 1403 Caesarem

326 1448 462 1534 attinet,
476 1448 524 1518 sic
539 1471 622 1518 eum
638 1449 681 1517 de
698 1447 833 1539 legibus
846 1446 913 1516 illis
927 1447 1054 1515 dixisse
1069 1463 1190 1515 narrat
1204 1444 1392 1516 Sallustius
1409 1469 1417 1517 ε
1437 1476 1452 1513 u
1469 1448 1551 1537 Sed,

315 1588 387 1657 ,per
401 1567 495 1634 Deos
509 1564 740 1648 immortales,
754 1586 862 1655 quarn
876 1565 921 1634 ob
937 1585 1011 1632 rem
1022 1563 1058 1631 in
1075 1561 1287 1632 sententiam
1302 1586 1375 1632 non
1390 1564 1551 1634 addidisti

326 1680 479 1771 (Silam),
498 1698 536 1749 ut
556 1680 655 1772 prius
669 1680 876 1750 verberibus
895 1678 929 1747 in
947 1702 1008 1748 eos
1024 1679 1360 1763 animadvorteretur
1371 1683 1382 1749 Β
1395 1682 1453 1749 An
1468 1681 1551 1771 quia

326 1798 378 1867 lex
394 1797 527 1867 ‘Porcia
546 1803 654 1869 vetat!
669 1798 717 1865 At
731 1795 821 1896 aliae
844 1798 934 1887 leges
958 1795 1041 1865 item
1064 1796 1305 1865 condemnatis
1323 1796 1457 1867 civibus
1479 1821 1550 1867 non

324 1914 481 1986 animam
503 1913 601 2004 eripi,
620 1913 682 1982 sed
703 1912 868 1981 exsilium
890 1912 1049 2003 permitti
1068 1912 1234 2001 jubent...
1252 1913 1323 2002 Qui
1336 1915 1500 1984 convenit
1516 1914 1551 1983 in

327 2030 460 2100 minore
483 2030 624 2122 negotio
649 2030 762 2121 legem
784 2028 922 2113 timete,
946 2051 1029 2096 cum
1053 2051 1130 2102 eam
1152 2029 1186 2097 in
1211 2029 1343 2117 majore
1367 2031 1550 2123 neglegeris

327 2145 561 2240 (neglexerisl‘l
583 2174 599 2209 »
623 2147 734 2216 Paulo
748 2145 861 2214 infra:
885 2173 900 2209 ι(
918 2146 1069 2234 Maiores
1086 2146 1236 2215 nostri...
1250 2146 1374 2216 eodem
1388 2147 1448 2215 illo
1464 2164 1552 2216 tem-

315 2286 412 2355 pore
440 2262 607 2334 Graeciae
633 2284 770 2331 morem
793 2261 929 2345 imitati,
957 2261 1156 2331 verberibus
1170 2261 1495 2332 animadvortebant
1517 2266 1552 2332 in

316 2380 431 2466 cives,
454 2380 496 2449 de
520 2378 758 2448 condemnatis
781 2400 962 2446 summum
985 2378 1199 2468 supplicium
1219 2379 1422 2449 sumebant.
1436 2372 1552 2449 Pos't-

328 2518 436 2587 quam
464 2518 519 2565 res
545 2494 685 2587 publica
714 2494 867 2563 adolevit
898 2512 931 2563 et
963 2493 1185 2562 multitudine
1219 2494 1351 2564 civium
1384 2495 1552 2566 factiones

326 2612 481 2698 valuere,
493 2611 734 2681 circumveniri
746 2611 962 2692 innocentes,
974 2610 1375 2699 aliahujuscemodifieri
1388 2634 1549 2703 coepere,

327 2747 404 2799 tum
421 2729 485 2797 'lex
517 2727 644 2797 Porcia
670 2727 827 2817 aliaeque
844 2727 936 2818 leges
968 2743 1110 2816 paratae
1144 2744 1226 2796 sunt
1252 2726 1384 2816 quibus
1414 2727 1551 2820 legibus

327 2844 488 2913 exsilium
512 2842 689 2913 damnatis
710 2842 922 2934 permissum
939 2859 1000 2911 est.
1018 2844 1123 2912 Hanc
1144 2866 1227 2935 ergo
1248 2866 1404 2924 causam,
1428 2845 1552 2914 Patres

327 2959 543 3053 conscripti,
562 2982 631 3050 quo
654 2959 772 3029 minus
796 2981 927 3028 novum
955 2959 1142 3029 consilium
1157 2961 1350 3051 capiamus,
1372 2961 1411 3030 in
1432 2961 1552 3052 primis
1588 3016 1593 3031 .

327 3100 485 3169 magnam
501 3095 598 3168 puto.
622 3104 638 3141 u
1076 3141 1078 3144 .

317 3255 321 3263 ,
338 3220 341 3225 ·
373 3196 425 3264 De
441 3194 572 3286 quibus
586 3194 734 3264 Caesaris
749 3194 864 3263 verbis
881 3195 1055 3285 quaedam
1071 3195 1183 3261 notari
1198 3193 1313 3262 decet..

373 3290 534 3381 Primum
549 3333 632 3380 eum
644 3308 830 3379 dicendum
845 3326 896 3379 est
910 3310 952 3379 de
964 3309 1207 3400 provocatione
1219 3311 1264 3379 ad
1278 3309 1454 3402 populum
1476 3305 1563 3381 om?

316 3431 409 3516 ‘nino
423 3427 533 3497 silere.
548 3428 618 3496 Th.
633 3428 832 3496 Mommsen
846 3449 981 3514 tamen,
998 3443 1033 3495 et
1046 3425 1107 3495 alii
1128 3427 1257 3516 quibus
1267 3426 1389 3496 eadem
1404 3445 1456 3496 est
1472 3452 1553 3497 sen·

313 3542 449 3628 tentia,
469 3543 503 3613 in
528 3544 592 3612 hoc
616 3542 780 3612 rescissas
806 3541 912 3613 fuisse
943 3543 1065 3611 dicunt
1093 3544 1184 3634 leges
1206 3543 1302 3633 quod
1327 3543 1400 3613 sine
1420 3546 1552 3635 populo

318 3678 439 3752 3morte
466 3658 626 3729 mulctati
654 3659 725 3729 sint
757 3659 937 3749 conjurati,
965 3681 1078 3749 neque
1102 3661 1149 3728 eis
1174 3661 1348 3749 populum
1375 3664 1551 3752 appellare

327 3776 429 3845 fuerit
444 3775 667 3867 permissum.

372 3892 487 3962 Porro
502 3892 587 3960 nihil
600 3891 799 3981 hujusmodi
815 3892 909 3982 apud
931 3891 1120 3963 Caesarem
1138 3892 1300 3981 reperias.
1317 3888 1450 3962 Violari
1476 3894 1554 3983 jura

315 4009 448 4102 xpopuli
470 4009 650 4099 popularis
675 4009 782 4077 homo
803 4009 902 4077 nullo
925 4007 1029 4081 modo
1050 4008 1224 4098 queritur.
1248 4011 1344 4078 Pone
1364 4005 1480 4079 autem
1496 4011 1552 4100 jus

265 4113 267 4116 Α
326 4125 442 4213 fuisse,
476 4142 516 4194 ut
542 4126 772 4209 contendunt,
798 4124 972 4195 Catilinae
996 4124 1094 4193 sociis
1119 4146 1324 4215 provocare,
1347 4126 1553 4217 senatuique

327 4263 398 4309 non
419 4241 554 4310 licuisse
572 4240 645 4335 sine
671 4224 922 4332 provocatione
947 4263 1009 4311 eos
1032 4240 1151 4330 capitis
1171 4241 1338 4311 damnare
1359 4260 1552 4333 :patronus

311 4379 453 4435 ..causae
490 4379 617 4445 eorum
638 4357 768 4428 Caesar
800 4380 873 4425 non
917 4357 1151 4425 commisisset
1178 4358 1220 4424 ne
1262 4381 1336 4426 rem
1372 4360 1552 4448 objicerem

313 4473 469 4543 ..dixisset
480 4497 562 4543 sane
570 4496 712 4543 causam
726 4473 823 4541 illam
838 4472 953 4562 judicii
967 4496 1039 4542 esse
1050 4473 1284 4554 comitiorum,
1295 4471 1553 4567 audientesque

327 4590 461 4660 assensi
477 4590 622 4658 fuissent
639 4589 772 4658 tribuni
788 4590 912 4679 plebis,
930 4609 1081 4676 quorum
1097 4591 1134 4657 id
1150 4612 1293 4680 prorsus
1304 4591 1454 4660 officium
1482 4610 1553 4662 erat

328 4723 369 4774 ut
382 4706 456 4795 jura
471 4705 595 4797 populi
614 4705 847 4788 defenderent.
867 4708 964 4774 Tum
981 4705 1050 4775 sive
1065 4705 1232 4796 religione
1247 4707 1408 4795 quadam·
1423 4708 1550 4804 legum,

311 4822 401 4892 'sive
420 4821 542 4913 populi
560 4838 656 4890 metu
678 4821 751 4890 fore
769 4840 807 4890 ut
827 4822 871 4890 ad
886 4845 970 4889 suos
986 4821 1117 4910 judices
1132 4822 1251 4889 statim
1266 4844 1347 4890 reos
1361 4822 1552 4893 remitteret

324 4955 478 5023 senatus,
488 4937 782 5008 verisimillimum
796 4956 887 5008 recte
902 4938 1047 5022 habeas,
1065 4961 1107 5005 ne
1119 4937 1232 5005 dicam
1245 4937 1392 5008 omnino
1405 4955 1548 5013 certum.
