3725 6050
822 862 942 936 ..85
972 906 1019 918 ..

353 1041 422 1109 Res
434 1038 529 1107 enim
547 1039 685 1108 nullam
710 1039 969 1108 cunctationem
999 1038 1195 1128 recipiebat,
1222 1037 1410 1124 omniaque
1440 1048 1535 1103 erant

304 1154 500 1240 metuenda,
527 1154 596 1224 nisi
619 1155 753 1241 consul,
775 1153 983 1246 gravissimo
1009 1153 1163 1243 quodam
1193 1152 1354 1238 consilio,
1387 1151 1534 1220 Lentulo

306 1270 452 1361 aliisque
464 1270 584 1356 vitam,
599 1286 632 1339 et
644 1270 764 1339 amicis
780 1293 908 1339 eorum
922 1293 1035 1359 spem,
1050 1268 1153 1338 simul
1167 1268 1327 1359 eriperet.
1455 1347 1461 1358 ⁸

355 1385 456 1454 Foris
485 1408 637 1477 quoque,
664 1386 935 1475 conjuratorum
964 1402 1072 1453 morte
1098 1385 1195 1452 nulla
1222 1377 1288 1452 via‘
1306 1382 1433 1452 melior
1461 1398 1535 1450 erat

307 1500 459 1570 faciendi
475 1518 515 1569 ut
529 1500 702 1571 Catilinae
722 1500 832 1590 ipsius
852 1500 1056 1584 exercitum,
1069 1522 1171 1589 quem
1186 1522 1265 1590 spes
1278 1516 1432 1582 auxerat,
1450 1497 1536 1566 diffi-

309 1617 426 1686 dentia
446 1616 626 1707 timorque
648 1616 826 1685 minorem
842 1615 1001 1686 efficeret.
1024 1618 1152 1686 Nam«
1176 1632 1215 1685 ut
1240 1614 1390 1706 quisque
1411 1614 1537 1684 volun-

309 1732 419 1801 tarius
442 1748 503 1800 aut
531 1755 571 1800 ex
594 1731 695 1801 sociis
716 1732 751 1800 in
775 1749 888 1801 castra
913 1748 1071 1813 venerat,
1095 1730 1290 1821 aequaliter
1313 1730 1536 1801 distribuerat

309 1847 475 1927 Catilina,
487 1869 527 1915 ac
537 1847 630 1916 brevi
641 1848 755 1937 spatio
768 1847 924 1939 legiones
935 1868 1082 1915 numero
1093 1847 1279 1916 hominum
1292 1846 1535 1936 compleverat,

310 1984 390 2031 cum
405 1962 507 2031 initio
521 1985 593 2031 non
610 1964 758 2053 amplius
773 1964 912 2032 duobus
928 1962 1083 2031 millibus
1095 1962 1276 2031 habuisset
1280 2014 1350 2031 .....
1365 1961 1537 2030 Hostibus

310 2078 527 2146 occasionem
549 2078 730 2169 pugnandi
757 2100 829 2146 non
853 2079 955 2157 dare;
978 2079 1141 2169 sperabat
1163 2077 1367 2168 propediem
1389 2099 1538 2167 magnas

310 2193 428 2283 copias
464 2217 539 2262 sese
576 2194 790 2275 habiturum,
826 2192 855 2261 si
896 2195 1030 2263 Romae
1065 2193 1151 2263 socii
1190 2194 1325 2283 incepta
1363 2192 1538 2284 patravis-

311 2325 392 2377 sesst
408 2312 451 2397 (1)
468 2338 498 2379 »-

335 2412 551 2493 interfectis
567 2424 674 2516 igitur
697 2424 754 2509 iis,
773 2424 898 2515 quibus
921 2424 980 2498 ille
1005 2425 1140 2514 incepta
1162 2424 1386 2493 commiserat
1403 2426 1540 2493 Romae

311 2540 492 2630 patranda,
508 2539 544 2609 id
566 2557 705 2631 repente
727 2540 909 2610 auferebat
933 2541 1070 2621 consul,
1093 2563 1162 2630 quo
1186 2540 1336 2609 maxime
1363 2540 1426 2630 ipsi
1449 2538 1539 2609 Cati·

311 2653 404 2723 linae
417 2654 562 2746 suisque
576 2656 682 2724 animi
697 2636 929 2739 addebantur,
946 2656 1126 2746 eidemque
1140 2675 1214 2725 tam
1229 2656 1378 2727 nocebat
1391 2678 1496 2746 quam
1511 2655 1540 2724 si

311 2770 427 2851 illum,
441 2771 575 2861 praelio
594 2769 698 2851 facto,
717 2772 871 2841 vicisset.

341 2886 465 2980 ,Quod
482 2886 627 2977 quidem
642 2887 719 2979 ipsa
735 2910 788 2957 res
804 2888 1006 2958 declaravit.
1023 2890 1120 2959 Nam
1140 2917 1155 2951 «
1175 2905 1364 2979 postquam
1378 2888 1414 2956 in
1429 2904 1541 2955 castra

311 2993 456 3072 nuntius
470 2992 625 3093 peruenit
648 3005 783 3074 Romae
797 3002 1075 3093 conjurationem
1093 3002 1316 3094 patefactam,
1333 3003 1375 3074 de
1392 3003 1543 3074 Lentulo

311 3135 344 3188 et
356 3117 510 3210 Cethego
525 3119 733 3209 ceterisque,
749 3143 839 3213 quos
853 3141 957 3211 supra
974 3120 1182 3203 memoravi,
1196 3120 1409 3211 supplicium
1425 3142 1544 3209 sump-

310 3252 404 3321 tum,
425 3234 597 3326 plerique,
621 3257 711 3326 quos
736 3235 781 3305 ad
800 3236 938 3305 bellum
958 3258 1035 3326 spes
1059 3235 1260 3325 rapinarum
1279 3252 1342 3303 aut
1367 3257 1543 3303 novarum

311 3371 426 3445 rerum
440 3349 595 3419 studium
609 3350 790 3434 inlexerat,
806 3344 1014 3421 dilabuntur
1029 3354 1072 3440 (2)
1089 3380 1120 3419 ».
1140 3351 1267 3444 Neque
1284 3349 1353 3418 alia
1367 3349 1543 3421 Catilinae

311 3487 391 3556 spes
405 3464 525 3534 relicta
540 3482 593 3534 est
606 3465 674 3535 nisi
688 3466 826 3536 fortiter
840 3467 1027 3537 moriendi.
1149 3476 1152 3482 ’

322 3591 326 3599 ’
358 3583 492 3650 Romae
519 3598 648 3666 autem,
677 3603 770 3665 cum,
789 3583 913 3652 occisis
942 3584 1094 3654 Lentulo
1119 3583 1327 3675 ceterisque,
1357 3605 1375 3652 e
1409 3603 1545 3654 carcere

313 3697 437 3767 consul
463 3696 582 3780 exiret,
607 3715 703 3767 erant
731 3697 768 3766 in
790 3698 865 3768 foro
888 3699 984 3768 haud
1010 3698 1111 3790 pauci
1135 3698 1391 3787 conjurationis
1418 3697 1545 3767 conscii

313 3811 388 3902 qui,
411 3834 481 3882 non
505 3812 645 3904 cognita
672 3836 721 3896 re,
748 3814 995 3905 exspectabant
1019 3817 1105 3883 dum
1131 3836 1203 3883 nox
1226 3813 1359 3883 veniret
1386 3829 1425 3881 ut
1453 3835 1544 3904 quos

312 3927 426 3996 vivere
438 3928 635 4008 credebant,
651 3928 744 3998 facto
766 3929 915 4020 impetu,
929 3929 1125 4000 liberarent.
1143 3931 1336 4020 Postquam
1355 3946 1473 3997 autem
1495 3927 1545 3996 eis

315 4042 516 4132 conjuratos
538 4072 550 4107 e
576 4044 740 4114 vixisse»
764 4045 949 4130 nuntiavit,
971 4045 1091 4114 statim
1113 4045 1263 4136 dispersi
1286 4061 1368 4114 sunt
1391 4045 1448 4133 (3),
1473 4065 1545 4112 non

313 4159 561 4228 tantummodo
584 4160 667 4252 quia
689 4161 761 4250 jam
776 4161 875 4230 nulla
896 4161 1054 4231 vincendi
1069 4184 1151 4252 spes
1174 4177 1261 4240 erat,
1283 4160 1543 4242 verumetiam,

312 4288 398 4342 teste
435 4274 613 4363 Appiana,
653 4275 736 4365 quia
778 4293 852 4345 erat
900 4294 1085 4347 contentus
1121 4276 1273 4368 quisque
1315 4275 1470 4346 evasisse
1512 4293 1546 4348 et

314 4387 458 4458 latuisse
471 4393 529 4478 (4).
544 4391 563 4460 J
568 4414 626 4460 am
642 4391 749 4483 igitur
762 4393 804 4461 de
822 4415 859 4461 se
881 4393 1064 4480 curabant,
1080 4394 1178 4462 nullo
1197 4393 1304 4463 modo
1327 4393 1369 4461 de
1390 4392 1547 4481 conjura-

313 4502 422 4587 tione,
446 4527 567 4594 quam,
593 4523 629 4575 ut
656 4506 703 4575 ita
734 4507 865 4590 dicam,
892 4528 972 4576 cum
996 4508 1202 4578 hominibus
1229 4507 1418 4577 interfectis
1441 4507 1547 4575 inter-

312 4617 438 4688 fectam
452 4643 526 4689 esse
547 4621 826 4693 arbitrabantur.

366 4779 390 4847 ι)
411 4780 570 4845 8Αιιυετ.,
586 4780 689 4854 Catil,
707 4784 785 4844 LVl.

364 4852 391 4920 ι)
411 4850 497 4920 loia,
516 4852 609 4908 LVll.

317 4928 321 4933 ’
362 4922 390 4993 3)
411 4923 598 4990 Pausiaca„
612 4924 686 4992 Cic„
699 4942 744 4983 22.

352 4994 391 5065 (4)
409 4993 455 5050 De
468 4994 547 5057 Bell.
562 4995 629 5063 civ,
646 4997 684 5070 11,
701 4998 730 5054 6.
