3725 6050
824 714 1023 786 -25..

330 896 333 899 ⁴
360 884 555 954 Veniamus
570 888 712 956 tandem
729 889 773 956 ad
789 888 887 957 illum
898 888 1002 957 Festi
1018 890 1135 957 locum
1162 909 1234 977 quo
1259 875 1414 955 firmiore
1438 898 1545 978 argu'·

314 1017 433 1068 mento
469 1019 589 1071 contra
628 1025 801 1071 summam
826 980 1044 1073 ¹dictatorum
1081 1019 1286 1094 potestatem
1313 1002 1365 1071 uti
1389 1002 1544 1071 maxime

317 1116 442 1184 solent.
459 1114 602 1207 Scripsit
617 1117 719 1203 igitur
731 1123 849 1188 Festus
864 1144 871 1188 :

363 1258 379 1295 r
411 1232 557 1323 Optimo
571 1233 666 1302 lex...
685 1234 720 1302 in
736 1234 905 1327 magistro
919 1234 1234 1326 populi-iaciendo,
1261 1233 1320 1323 qui
1346 1234 1452 1324 vulgo
1473 1232 1545 1301 dic'·

315 1363 407 1415 tator
417 1348 630 1438 appellatur,
648 1372 758 1441 quam
774 1350 1021 1441 plenissimum
1046 1366 1165 1440 posset
1187 1350 1243 1437 jus
1258 1372 1344 1432 esse,
1371 1348 1547 1440 signitica-

318 1461 421 1531 batur
437 1483 445 1531 :
459 1480 499 1532 ut
513 1462 581 1532 fuit
596 1464 710 1533 Manli
726 1465 867 1547 Valerii,
888 1467 940 1534 M.
961 1467 1003 1534 F.
1022 1465 1210 1534 Volusinae
1235 1464 1361 1556 gentis,
1385 1464 1448 1556 qui
1473 1462 1546 1552 pri·

318 1598 398 1645 mus
412 1578 574 1669 magister
588 1582 746 1671 apopulo
770 1599 909 1649 creatus
934 1598 1004 1666 est3
1024 1598 1213 1671 postquam
1239 1602 1321 1649 vero
1342 1579 1546 1669 provocatio

317 1691 361 1759 ab
377 1714 419 1761 eo
432 1694 634 1785 magistratu
650 1697 695 1763 ad
715 1698 888 1785 populum
911 1697 994 1765 data
1021 1714 1085 1781 est,
1116 1719 1209 1787 quae
1230 1713 1330 1765 antea
1359 1717 1430 1763 non
1455 1712 1546 1779 erat,

318 1806 473 1875 desitum
486 1826 537 1877 est
550 1808 647 1896 adjici
667 1832 674 1875 :
694 1827 730 1879 ut
741 1811 872 1902 optimo
886 1812 970 1897 lege,
995 1828 1117 1901 utpote
1143 1810 1327 1879 imminuto
1348 1809 1421 1898 jure
1449 1809 1546 1899 prio-

318 1944 398 1990 rum
415 1922 666 2015 magistrornm
681 1928 736 2013 (r).
752 1953 766 1990 s

317 2087 320 2092 -
363 2036 455 2125 Quae
481 2039 587 2108 verba
610 2059 798 2112 sumuntur
812 2065 852 2111 ex
869 2042 972 2126 libro,
986 2065 1090 2131 quem
1106 2044 1158 2111 De
1182 2041 1446 2135 significatione
1469 2063 1547 2109 ver-

320 2153 443 2221 borum
460 2154 564 2223 edidit
587 2156 722 2243 Festus,
741 2181 834 2250 opus
857 2158 974 2247 majus
1000 2159 1110 2229 Marci
1133 2158 1242 2227 Verrii
1263 2156 1379 2227 Flacci
1408 2174 1547 2226 secutus

321 2267 540 2359 breviterque
555 2273 770 2361 complexus.
1037 2279 1040 2283 ’

366 2386 475 2454 Porro
491 2408 568 2455 eam
588 2406 741 2458 mentem
770 2389 808 2458 in
831 2391 897 2458 hoc
925 2391 1001 2458 loco
1028 2390 1139 2458 fuisse
1166 2389 1326 2459 scribenti
1354 2389 1546 2458 clarissime

320 2518 466 2603 apparet
480 2518 517 2570 ut
546 2503 634 2594 quid
647 2503 842 2595 significent
852 2506 960 2574 verba
969 2514 1102 2597 optima
1123 2506 1182 2573 lex
1216 2506 1364 2596 planum
1383 2504 1545 2573 efficeret.
1590 2525 1594 2530 ·

322 2615 372 2682 Ex
387 2614 427 2683 iis
441 2615 785 2707 igiturconjecturam
799 2620 916 2703 trahit,
926 2644 993 2708 qua
1005 2621 1308 2690 admissaclariora
1324 2620 1390 2711 ipsi
1404 2619 1548 2690 videan-

320 2745 387 2810 tur,
403 2730 515 2799 levent
532 2755 624 2820 vero,
639 2734 748 2804 immo
760 2734 898 2821 falsam,
913 2737 941 2804 si
958 2759 1086 2828 ponere
1111 2736 1196 2804 mihi
1223 2736 1295 2825 iam
1318 2736 1420 2805 liceat
1449 2736 1547 2825 quod

321 2856 416 2904 nunc
434 2835 504 2905 sim
523 2842 731 2910 confirmare
748 2841 908 2912 nixurus.

366 2952 513 3027 Etenim
523 2955 587 3026 hoc
601 2959 753 3048 primum
769 2958 962 3028 dicendum
982 2976 1034 3028 est
1056 2959 1092 3028 in
1114 2981 1157 3028 eo
1176 2961 1326 3029 Festum
1351 2957 1547 3049 peccavisse

321 3076 417 3166 quod
432 3097 485 3144 res
497 3074 613 3144 verbis
628 3075 822 3164 explicavit,
838 3098 919 3144 cum
933 3068 1035 3145 rebus
1047 3077 1155 3145 verba
1169 3076 1285 3166 potius
1305 3092 1422 3144 essent
1437 3073 1548 3164 expli·-

320 3192 445 3260 canda.
462 3192 557 3260 Nam
570 3189 658 3258 nihil
671 3189 828 3260 invenias
844 3191 877 3259 in
892 3207 964 3260 tota
980 3214 1125 3261 romana
1139 3191 1285 3260 historia
1312 3192 1405 3259 unde
1432 3189 1549 3281 colligi

321 3305 432 3398 possit
460 3323 630 3376 mutatam
659 3305 767 3375 fuisse
791 3329 951 3397 unquam
980 3307 1154 3376 dictatoris
1191 3323 1406 3398 potestatem
1434 3326 1547 3396 neque

322 3422 480 3492 eamdem
497 3421 738 3510 permansisse.
1365 3418 1368 3433 '

366 3539 532 3626 Quanam
565 3537 662 3606 enim
684 3538 758 3630 lege
773 3554 906 3606 mutata
935 3538 1040 3607 luerit
1065 3538 1131 3606 dici
1162 3537 1293 3628 nequit.
1324 3541 1489 3606 Attamen
1519 3535 1547 3602 si

320 3671 454 3723 mutata
480 3672 543 3741 est,
569 3655 644 3745 lege
665 3653 1013 3750 quadam'mutatam
1043 3653 1150 3722 fuisse
1174 3653 1236 3723 tibi
1249 3669 1300 3721 'est
1313 3651 1547 3733 credendum3

325 3792 440 3860 neque
456 3792 510 3838 res
524 3770 639 3838 tenuis
655 3768 830 3860 parvique
845 3770 1013 3838 momenti
1028 3771 1081 3837 lex
1092 3769 1148 3837 illa
1162 3770 1333 3851 habenda,
1359 3789 1429 3857 qua
1449 3784 1550 3835 tanta

324 3884 446 3953 luisset
476 3886 545 3953 lata
571 3909 592 3954 a
619 3885 749 3976 populo
771 3885 806 3952 in
830 3902 990 3954 senatum
1005 3884 1162 3966 victoria,
1180 3886 1289 3953 immo
1312 3906 1384 3975 qua
1407 3904 1551 3972 gravem

318 4001 516 4090 quamdam
528 4000 794 4070 conversionem
810 4001 1019 4091 Respublica
1027 4024 1132 4092 passa
1141 4017 1244 4081 esset,
1254 4022 1349 4082 cum,
1363 3999 1551 4067 admissas

327 4115 494 4185 dictatore
509 4117 553 4185 ad
566 4118 736 4206 populum
753 4116 1013 4203 provocatione,
1027 4116 1189 4200 dictator,
1204 4115 1275 4203 jam
1292 4119 1365 4182 sine
1376 4136 1549 4183 consensu
1624 4126 1639 4143 ⁸

242 4231 246 4239 ’
325 4231 448 4323 populi
464 4231 499 4300 in
516 4231 608 4300 cives
622 4231 777 4314 inermis,
795 4254 868 4300 non
885 4232 1038 4300 multum
1060 4225 1309 4320 discrepuisset
1335 4229 1548 4308 consulibus,

326 4364 429 4440 atque
444 4345 493 4417 ita
509 4347 639 4416 factum
650 4365 744 4416 esset
757 4364 797 4416 ut
813 4348 984 4416 dictatura
999 4348 1076 4438 ipsa
1090 4346 1190 4436 quasi
1206 4345 1345 4414 sublata
1355 4346 1549 4414 videretur.

328 4465 450 4553 ltaque
465 4486 534 4533 non
553 4463 626 4532 sine
650 4462 961 4553 disputationibus,
976 4462 1287 4552 controversiisque
1309 4462 1362 4528 lex
1382 4460 1440 4527 illa
1463 4475 1552 4528 esset

324 4579 475 4663 condita,
493 4602 608 4671 neque
624 4578 699 4648 sine
712 4601 841 4668 magno
854 4561 1142 4671 repugnantium
1158 4578 1311 4646 clamore
1328 4591 1480 4664 accepta.
1516 4633 1519 4649 ,

321 4804 324 4813 ¹
359 4803 402 4919 ¹(tl
419 4802 542 4918 Fessus,
559 4847 606 4906 ed.
623 4847 744 4918 Muller,
760 4865 790 4920 p.
811 4847 873 4920 198.
966 4844 971 4875 ’-
