3725 6050
873 676 1071 770 ..34-

361 857 461 926 times
479 876 570 944 quae
583 853 688 922 rebus
706 852 1005 943 periculosissimis
1016 875 1079 943 par
1090 869 1191 923 esset.
1211 856 1299 926 Erat
1319 857 1416 925 enim
1436 859 1599 949 primum

362 970 557 1060 municipiis
577 968 692 1061 gravis
706 968 937 1057 molestaque.
953 991 973 1035 <c
995 968 1132 1038 Habere
1145 969 1284 1040 videtur
1303 971 1368 1042 ista
1389 996 1456 1060 res,
1473 975 1597 1045 aiebat

361 1087 501 1173 cicero,
516 1085 737 1175 iniquitatem
749 1084 776 1151 si
788 1084 1065 1173 imperarevelis;
1081 1084 1317 1157 difficultatem
1325 1089 1354 1157 si
1365 1094 1555 1178 rogarelrl.
1575 1120 1593 1155 »

361 1206 457 1275 Nam
477 1225 558 1271 cnm
576 1217 690 1269 essent
713 1199 903 1290 municipia
924 1199 979 1268 sui
998 1200 1097 1288 juris,
1119 1202 1315 1273 timendum
1344 1224 1416 1275 erat
1439 1229 1482 1275 ne
1513 1208 1594 1276 nol-

361 1320 435 1389 lent
446 1342 504 1388 eos
518 1317 590 1386 sine
606 1316 677 1385 ulla
690 1315 837 1384 utilitate
848 1315 1033 1396 custodire,
1049 1340 1200 1408 quorum
1210 1318 1236 1386 si
1252 1320 1334 1411 quis
1346 1321 1434 1390 sorte
1444 1322 1593 1392 vincula

361 1434 522 1525 rupisset,
545 1432 659 1525 gravis
674 1430 759 1523 ipsis
779 1453 891 1521 poena
910 1430 1119 1522 impenderet
1132 1436 1188 1521 (2).

405 1553 474 1619 Fac
493 1566 610 1618 autem
629 1547 726 1638 quod
740 1547 906 1639 sperabat
924 1548 1045 1615 consul
1063 1548 1129 1616 hoc
1160 1550 1332 1637 evenisse,
1355 1573 1437 1620 eum
1468 1555 1593 1622 muni·

357 1667 446 1758 cipia
466 1665 632 1756 reperisse
657 1686 748 1755 quae
780 1664 827 1742 id,
856 1664 952 1753 quod
978 1663 1138 1733 omnium
1164 1687 1269 1762 causa
1296 1684 1467 1737 statutum
1487 1688 1592 1757 esset,

358 1797 428 1843 non
449 1788 606 1864 putarent
620 1794 693 1839 esse
715 1793 798 1838 suae
813 1770 988 1861 dignitatis
1021 1793 1204 1841 recusare:
1239 1794 1345 1842 nemo·
1366 1792 1487 1844 tamen
1516 1799 1590 1845 non

356 1890 449 1958 videt
464 1888 621 1956 futurum
640 1885 747 1954 fuisse
765 1902 805 1955 ut
825 1885 985 1955 damnati
1005 1909 1157 1977 poenam
1177 1888 1274 1957 illam
1306 1912 1379 1958 non
1408 1892 1592 1981 persolve·

357 2022 444 2085 rent,
466 2005 494 2071 si
513 2024 635 2073 eorum
648 2002 807 2092 princeps
818 2000 970 2072 Catilina
990 2003 1123 2093 proelio
1140 2004 1293 2073 secundo
1309 2022 1474 2076 uteretur.
1491 2010 1591 2076 Tum

356 2121 450 2190 enim
483 2118 636 2212 graviter
668 2118 703 2185 in
728 2100 933 2206 conjuratos
955 2118 1141 2208 municipia
1172 2143 1209 2188 se
1229 2103 1346 2212 gerere
1374 2104 1588 2209 noluissent,

355 2259 470 2329 neque
501 2259 562 2305 eos
591 2256 727 2305 carcere
759 2233 915 2301 inclusos
945 2234 1122 2321 cohibere,
1150 2258 1230 2304 cum
1256 2237 1488 2305 metuendum
1518 2238 1590 2307 illis

355 2353 550 2435 fuissetne,
570 2352 599 2419 si
624 2349 766 2419 factioni
799 2350 906 2418 victae
936 2350 1144 2439 paruissent,
1165 2350 1336 2420 vincentis
1368 2352 1457 2421 iram
1479 2354 1588 2423 ultio-

355 2491 506 2558 nemque
527 2467 642 2536 subire
654 2482 869 2557 cogerentur.

398 2586 524 2675 ltaque
544 2583 633 2651 nihil
648 2582 745 2650 aliud
763 2581 899 2662 velleis
919 2580 1115 2667 videbatur,
1132 2582 1190 2650 cui
1211 2604 1322 2673 poena
1348 2582 1404 2652 illa
1419 2570 1587 2655 mulctari

354 2701 551 2787 conjuratos
569 2697 741 2788 placebat,
762 2717 867 2783 quam
882 2697 1000 2766 omnia
1016 2698 1120 2765 armis
1134 2697 1365 2784 fortunaeque
1378 2700 1458 2767 belli
1483 2679 1586 2769 com-

354 2816 502 2884 mittere.
526 2816 578 2882 De
587 2835 658 2901 quo
671 2811 867 2881 consentire
881 2835 954 2881 non
968 2829 1103 2903 poterat
1115 2814 1252 2900 consul,
1274 2814 1356 2903 quin
1376 2814 1413 2883 in
1433 2838 1468 2883 re
1490 2816 1584 2885 civili

353 2946 504 3022 graviter
516 2945 688 3019 peccaret

394 3046 593 3117 Acceditut
597 3045 716 3134 ,quod
731 3044 875 3135 quidem
889 3062 959 3113 crat
980 3045 1132 3114 maxime
1147 3047 1463 3134 attendendum,
1438 3071 1466 3116 s1
1493 3049 1584 3145 Cae·

353 3163 422 3233 sari
440 3162 562 3232 consul
582 3183 746 3230 assensus
757 3177 863 3241 esset,
891 3144 934 3228 iis
962 3161 1129 3230 omnibus
1158 3162 1218 3249 qui
1238 3163 1464 3252 conjurationi
1492 3166 1578 3235 dom

350 3279 505 3368 lorisque
516 3294 631 3367 aperte
643 3278 696 3346 vel
716 3279 850 3345 occulte
863 3275 1031 3363 faverent,
1055 3278 1154 3346 nullo
1174 3278 1281 3346 modo
1302 3278 1403 3348 fracti
1432 3279 1584 3351 luissent

351 3394 473 3480 animi,
496 3416 610 3484 neque
625 3414 768 3463 causam
787 3394 875 3462 hanc
894 3393 942 3460 illi
959 3392 1205 3480 deseruissent,
1226 3415 1333 3483 quam
1351 3395 1470 3484 utique
1494 3419 1582 3486 spe·

353 3510 526 3580 ravissent
541 3508 686 3578 victoria
698 3509 835 3577 tandem
848 3532 921 3577 esse
936 3508 1024 3577 forte
1038 3509 1241 3595 potituram.

397 3628 510 3696 Porro
538 3647 660 3693 eorum
687 3625 822 3693 animos
847 3624 958 3716 frangi
983 3624 1103 3726 magni
1140 3625 1322 3695 referebat.
1354 3627 1450 3696 Durn
1480 3627 1579 3697 enirn

353 3743 438 3834 qurd
452 3743 495 3810 de
508 3761 698 3829 conjurans
710 3740 910 3810 faciendum
935 3759 1027 3810 esset
1054 3743 1179 3809 Patres
1207 3743 1434 3833 rogabantur,
1459 3725 1580 3814 narrat

350 3858 532 3948 Appianus
549 3885 565 3919 «
583 3857 762 3948 ingentem
775 3857 965 3924 tumultum
979 3855 1086 3924 suisse
1112 3873 1192 3925 ante
1206 3857 1342 3926 curiam
1361 3875 1394 3927 et
1416 3859 1577 3928 conscio·

349 3995 428 4041 rum
454 3994 618 4062 magnam
646 3971 924 4063 trepidationem,
958 3973 1102 4064 Lentuli
1122 3988 1240 4041 autem
1268 3990 1300 4041 et
1321 3973 1464 4065 Cethegi
1489 3975 1580 4044 servi

350 4087 542 4174 libertique,
560 4106 739 4179 assumpta
747 4111 876 4178 magna
889 4111 998 4157 manu
1011 4068 1199 4168 artificum,
1207 4089 1324 4157 conati
1336 4106 1415 4158 sunt
1427 4111 1580 4180 perpos-

348 4203 453 4272 ticum
467 4202 500 4270 in
514 4221 713 4292 praetorum
728 4203 855 4272 aedes
846 4225 1042 4305 1rrumpere
1053 4221 1085 4273 et
1097 4227 1129 4274 vr
1121 4203 1305 4273 dominos
1328 4205 1476 4296 eripere.
1492 4205 1580 4294 Quo

347 4319 500 4412 cognitO,
515 4317 642 4389 Cicero
656 4320 827 4408 procurrit
841 4320 976 4406 ecuria,
999 4319 1454 4411 dispositisquepraesidiis,
1466 4343 1580 4390 rever·

349 4459 408 4504 sus
430 4436 579 4526 urgebat
601 4434 857 4524 sententiasl3)
877 4464 893 4498 »

382 4653 425 4738 (ι)
438 4668 486 4724 JV
500 4667 580 4734 cae,
597 4667 648 4723 ru,

382 4740 421 4811 p)
436 4739 521 4805 nra„
538 4739 606 4796 aaa

382 4810 710 4882 (31APP.,B.civ.,11,
729 4812 756 4872 5.
