3725 6050
835 716 1033 782 ..24-

317 872 457 960 longius
474 894 585 964 quam
599 887 809 963 potestatem
834 872 975 941 haberet
997 871 1160 963 progredi
1181 870 1386 940 dictatorem
1408 872 1549 940 concla-

314 1005 519 1064 maverunt;
540 1010 612 1056 non
627 1005 745 1057 autem
759 989 1019 1077 appellaverunt
1031 986 1321 1076 populum,quod
1335 1009 1419 1055 sane
1436 986 1548 1054 facere

315 1125 545 1195 nequaquam
576 1103 807 1195 neglexissent
836 1102 866 1171 si
889 1104 983 1194 leges
1014 1102 1050 1171 id
1076 1101 1305 1171 decrevissent
1328 1102 1546 1171 faciendum.

318 1219 422 1309 Quin
439 1220 541 1289 etiam
557 1238 689 1288 terrore
701 1218 853 1308 odioque
870 1241 910 1287 eo
924 1218 1053 1286 inducti
1067 1235 1147 1286 sunt
1176 1235 1216 1286 ut
1228 1217 1316 1285 falsa
1328 1218 1471 1286 crimina
1484 1218 1549 1285 ho·

315 1334 401 1404 mini
424 1358 546 1404 severo
572 1335 747 1415 inferrent,
772 1335 920 1423 ejusque
945 1334 1202 1425 contagionem,
1231 1335 1327 1425 quod
1356 1334 1547 1424 quaerebat

314 1452 399 1543 ipse,
419 1451 558 1519 sceleris
572 1450 776 1539 objicerent!
1052 1449 1058 1463 '

359 1569 455 1636 Tum
473 1566 646 1652 Maenius,
662 1584 698 1636 ut
711 1566 1015 1657 privatusobviam
1030 1565 1095 1634 iret
1115 1563 1263 1646 crimini,
1280 1582 1546 1656 appareretque,

313 1685 406 1751 sicut
420 1683 547 1764 aiebat,
563 1706 599 1751 se
616 1706 680 1751 sua
695 1683 907 1761 innocentia,
925 1704 994 1750 non
1016 1681 1195 1770 majestate
1211 1681 1366 1767 honoris,
1381 1698 1500 1749 tutum
1525 1706 1546 1749 a

312 1798 611 1867 criminationibus
624 1796 698 1865 istis
713 1821 801 1883 esse,
817 1797 985 1866 dictatura
1010 1820 1047 1865 se
1063 1796 1235 1867 abdicavit
1251 1800 1261 1883 i
1285 1800 1307 1885 ).

359 1912 454 2003 Quid
469 1936 572 2003 porro
588 1937 678 2004 opus
693 1930 767 1982 erat
783 1936 868 1981 eum
882 1936 918 1980 se
944 1912 1120 2012 abdicare,
1135 1915 1162 1979 si
1183 1911 1313 1999 judicia
1328 1911 1404 1997 ejus
1418 1912 1544 1986 tollere

314 2031 449 2122 populo
465 2029 625 2110 licuisset,
640 2028 872 2119 tollendoque
887 2029 980 2096 male
996 2029 1208 2117 judicantem
1223 2028 1423 2119 corripere?
1439 2030 1489 2095 Ex
1503 2050 1544 2095 eo

316 2145 411 2237 quod
425 2168 460 2213 se
478 2145 687 2213 abdicaverit
715 2161 754 2213 ut
775 2144 933 2232 judicare
960 2161 1099 2234 possent
1121 2144 1262 2212 comitia
1278 2166 1365 2233 quae
1392 2143 1542 2224 fecisset,

314 2283 429 2329 nonne
445 2260 690 2352 colligendum
705 2277 810 2351 putas
825 2261 946 2328 eadem
958 2258 1099 2328 comitia
1113 2281 1182 2326 non
1194 2259 1359 2348 potuisse,
1374 2258 1459 2327 dum
1473 2259 1545 2326 dic-

315 2393 410 2445 tator
426 2394 530 2462 esset,
545 2394 688 2465 tumque
700 2376 745 2444 ab
763 2376 831 2443 illis
843 2398 924 2443 eum
941 2376 1080 2443 minime
1095 2374 1310 2465 pependisse,
1327 2375 1387 2442 sed
1397 2375 1544 2443 liberum

314 2492 350 2560 in
364 2492 498 2581 agendo
511 2510 543 2560 et
557 2493 739 2584 puniendo
755 2492 882 2580 suique
898 2492 1043 2558 omnino
1058 2490 1141 2579 juris
1157 2491 1349 2559 exstitisse?

335 2648 341 2663 ·
361 2610 456 2698 Ergo
480 2628 657 2675 summam
679 2606 786 2674 fuisse
811 2606 1036 2674 dictatoribus
1057 2608 1110 2674 vel
1137 2606 1172 2673 in
1200 2606 1291 2674 cives
1318 2622 1542 2696 potestatem,

316 2746 429 2813 neque
444 2722 683 2812 provocationi
698 2722 859 2790 adversus
878 2745 937 2790 eos
955 2724 1070 2790 locum
1080 2721 1244 2810 patuisse,
1258 2744 1298 2789 ex
1312 2722 1353 2789 iis
1365 2744 1454 2810 quae
1465 2722 1544 2789 hac-

315 2853 421 2906 tenus
448 2837 553 2904 retuli
579 2854 651 2906 tam
674 2837 898 2905 manifestum
933 2831 1229 2927 perspicuumque
1256 2838 1400 2919 videtur,
1423 2853 1460 2905 ut
1502 2860 1544 2905 ea

315 2974 404 3042 quae
416 2968 642 3048 opponantur
665 2976 683 3020 a
711 2953 920 3045 negantibus
934 2952 1124 3021 clarissima
1149 2953 1220 3021 sint
1247 2970 1406 3044 oporteat
1434 2970 1540 3045 atque

315 3068 529 3137 firmissima.

360 3184 462 3272 Quae
477 3183 585 3275 igitur
600 3201 635 3253 et
647 3185 765 3276 qualia
782 3185 849 3253 sint
862 3186 933 3274 jam
948 3208 1089 3255 necesse
1100 3193 1151 3254 est
1165 3207 1392 3277 quaeramus.

629 3461 677 3529 Il.
702 3500 747 3512 -
769 3461 995 3531 Evertuntm·
1006 3462 1225 3531 adversaria.

293 3770 296 3778 Ι
363 3681 490 3750 Dicunt
505 3681 575 3766 alii,
593 3703 674 3749 cum
697 3684 881 3752 Theodoro
910 3687 1121 3771 Mommsen,
1152 3707 1231 3776 quae
1257 3709 1298 3754 ex
1331 3687 1412 3754 Tito
1439 3686 1541 3756 Livio

255 3872 259 3877 ,
318 3797 494 3864 narranda
508 3797 721 3886 sumpsimus
735 3821 805 3866 non
820 3821 859 3868 ea
873 3823 949 3868 esse
964 3822 1043 3890 quae
1057 3823 1122 3891 pro
1137 3802 1239 3869 certis
1251 3801 1457 3872 habeantur.

360 3914 407 3979 At
426 3912 590 4001 primum,
616 3940 631 3973 α
658 3913 753 4003 quod
774 3913 881 4005 gratis
904 3919 1078 3997 asseritur,
1096 3917 1199 4006 gratis
1227 3933 1417 4008 negatur».
1445 3920 1540 3987 Nam

316 4026 397 4093 nihil
416 4042 467 4094 est
483 4028 619 4095 cucilla
635 4026 769 4097 incerta
785 4052 861 4099 esse
889 4058 903 4094 a
921 4049 1085 4098 asserat»
1108 4034 1321 4125 Mommsen,
1348 4032 1414 4101 nisi
1443 4036 1540 4125 quod

314 4141 386 4230 ipse
397 4142 440 4208 de
452 4158 619 4232 potestate
634 4143 840 4213 dictatorum
853 4145 972 4226 sentit,
986 4169 1058 4215 uno
1073 4147 1173 4215 nixus
1188 4148 1281 4217 Festi
1296 4151 1386 4234 loco,
1400 4147 1538 4240 dequo,

315 4278 395 4325 cum
410 4256 499 4325 infra
515 4256 696 4326 dicendum
711 4260 766 4343 sit,
783 4261 854 4349 jam
864 4262 928 4329 hoc
942 4263 1194 4331 tantummodo
1207 4263 1335 4347 dicam,
1350 4286 1420 4332 uon
1436 4288 1540 4355 posse

316 4394 429 4440 unum
463 4374 570 4442 unius
598 4373 774 4464 scriptoris
798 4375 916 4444 locum
942 4394 1141 4470 contraytot
1175 4396 1341 4470 tantaque
1383 4382 1539 4470 exempla

316 4487 441 4557 valere.
459 4487 560 4558 Adde
586 4488 643 4558 ilia
671 4512 712 4558 eo
738 4491 850 4584 magis
871 4514 952 4561 vera
971 4516 1044 4562 esse
1070 4493 1234 4564 habenda
1260 4497 1359 4587 quod
1376 4513 1539 4566 veterum

313 4745 470 4872 tigiZgJT'
490 4745 567 4817 Lm*
586 4747 636 4817 IX’
661 4748 711 4817 ²63
739 4747 819 4819 ibid,
847 4749 892 4819 34·
912 4750 1000 4806 Unus
1027 4751 1155 4807 alterum
1177 4753 1263 4810 locus
1288 4753 1380 4810 efficit
1405 4755 1538 4830 explica-
