3725 6050
839 699 1037 774 ..42..

325 856 438 926 fateor
449 876 510 924 cur
526 855 560 921 in
575 837 642 922 hac¹
657 875 762 922 causa
777 853 987 923 adhibeatur
1001 858 1056 943 (1).
1077 855 1172 925 Nam
1196 871 1442 944 praeterquam
1454 856 1553 925 nulla

326 971 511 1041 defunctus
524 988 574 1039 est
590 992 714 1061 poena,
732 992 813 1039 cum
826 992 846 1038 a
860 988 984 1040 senatu
999 971 1124 1060 procul
1139 970 1184 1038 ab
1199 970 1287 1040 urbe
1303 970 1450 1058 missus,
1460 971 1554 1040 fece-

325 1089 370 1158 rit
383 1106 421 1157 ut
435 1111 504 1157 non
520 1071 745 1178 judicaretur,
760 1087 832 1177 jam
846 1086 1049 1179 negavimus
1077 1109 1161 1156 eum
1176 1109 1217 1155 ex
1246 1088 1553 1158 senatusconsulto

325 1205 452 1274 ultimo
465 1219 677 1294 potestatem
685 1225 858 1271 summam
873 1204 1056 1294 accepisse.

370 1323 484 1391 Immo
499 1320 679 1390 consulem
695 1342 775 1389 eum
789 1342 861 1388 non
886 1318 995 1388 fuisse
1009 1319 1154 1389 minime
1173 1320 1345 1389 incertum
1358 1337 1421 1390 est.
1454 1320 1552 1410 Quia

221 1417 226 1422 ’
323 1460 419 1523 vero,
441 1459 530 1527 quae
544 1454 657 1528 ageret
671 1454 705 1505 et
723 1453 860 1526 pararet
880 1434 962 1505 Tib.
990 1434 1186 1531 Gracchus,
1206 1452 1244 1504 ut
1269 1435 1385 1505 cuncti
1408 1436 1550 1521 divites,

323 1553 515 1647 aegerrime
542 1552 694 1632 ferebat,
715 1552 923 1621 seditionem
952 1539 1143 1642 quamdam
1167 1551 1289 1635 movit,
1317 1552 1353 1621 in
1386 1575 1458 1644 qua
1487 1552 1553 1623 iste

324 1693 402 1740 cum
414 1670 582 1739 trecentis
602 1692 751 1738 suorum
765 1668 902 1737 occisus
917 1684 971 1737 est
988 1672 1045 1755 (2).

370 1789 411 1855 L.
424 1784 611 1876 Opimium
619 1802 738 1853 autern
749 1806 822 1853 non
838 1784 1039 1876 negaverim
1052 1784 1237 1854 consulent
1248 1783 1429 1873 exstitisse,
1439 1803 1552 1876 potes·

324 1920 500 1994 tatemque
526 1901 627 1994 quasi
655 1900 890 1987 dictatoriam,
928 1900 961 1970 vi
986 1899 1116 1969 decreti
1135 1900 1260 1981 ultimi,
1295 1894 1552 1972 habuisseon

324 2042 405 2088 vero
419 2036 589 2109 tempore,
606 2000 840 2085 seditionibus
852 2019 966 2085 Roma
979 2016 1230 2109 exagitabatur.
1246 2016 1354 2089 Caius
1374 2017 1552 2087 Gracchus

325 2134 434 2221 enim,
449 2151 638 2225 postquam
652 2115 874 2201 tribunatum
887 2132 1036 2201 tertium
1050 2131 1208 2223 petierat,
1234 2134 1401 2224 repulsaa
1417 2134 1552 2225 populo

324 2251 404 2330 lata,
424 2251 546 2337 iratus,
572 2270 649 2319 cum
675 2248 818 2336 Fulvio,
845 2248 989 2317 homine
1017 2248 1210 2335 consulari,
1238 2251 1384 2318 multam
1411 2250 1553 2319 turbam

324 2365 543 2458 comparavit
564 2383 604 2434 ut
618 2364 806 2455 quemdam
821 2364 1024 2447 exercitum,
1039 2386 1111 2453 quo
1125 2365 1262 2434 consuli
1271 2365 1462 2435 obsisteret.
1482 2366 1553 2434 Hic

325 2500 459 2571 autem,
484 2480 628 2552 armatis
641 2504 780 2571 quoque
806 2480 891 2569 suis,
920 2480 1086 2550 factiosos
1111 2480 1267 2551 homines
1288 2504 1474 2574 aggressus
1505 2482 1552 2551 ita

325 2598 524 2691 profligavit
545 2615 583 2667 ut
610 2597 732 2679 Caius,
760 2619 840 2666 cum
862 2596 978 2666 tribus
1006 2596 1162 2666 millibus
1197 2620 1357 2681 suorum,
1380 2597 1553 2668 occidere·

325 2733 383 2784 tur
399 2716 455 2801 (3).
1016 2795 1023 2810 .

371 2828 551 2900 Posterius
565 2829 612 2919 Q.
631 2829 770 2917 Decius,
784 2829 949 2898 tribunus
961 2829 1086 2920 plebis,
1112 2830 1153 2899 L.
1185 2828 1383 2921 Opimium,
1406 2852 1486 2900 cum
1505 2832 1552 2903 ad

324 2946 499 3039 populum
525 2967 605 3014 eum
617 2946 832 3032 adduxisset,
857 2944 1033 3015 accusavit
1060 2945 1135 3016 sive
1164 2945 1199 3013 in
1235 2946 1385 3029 vincula,
1421 2936 1552 3017 indicta

323 3087 439 3147 causa,
456 3062 547 3132 cives
573 3062 776 3153 conjecisse,
794 3079 835 3132 ut
851 3078 973 3132 narrat
996 3062 1100 3131 Titus
1114 3062 1237 3132 Livius
1252 3067 1310 3152 (4),
1326 3063 1399 3134 sive
1425 3065 1554 3135 Caium

325 3180 521 3252 Gracchum
549 3178 775 3261 interfecisse,
806 3178 835 3247 si
871 3178 994 3247 Tullio
1021 3177 1160 3273 credere
1180 3178 1296 3248 malis.
1324 3180 1475 3252 Certum
1502 3197 1553 3249 est

325 3296 448 3388 utique
472 3317 553 3364 eum
582 3318 603 3363 a
628 3297 761 3386 populo
786 3295 896 3363 fuisse
923 3294 1144 3382 absolutum,
1170 3298 1552 3388 postquam'patronus

324 3404 450 3483 causae
474 3412 522 3480 ita
549 3410 688 3480 dixisset
713 3428 750 3479 ut
773 3429 929 3480 nontam
952 3410 1037 3500 quid
1064 3410 1204 3479 fecisset
1233 3435 1314 3480 reus
1337 3435 1446 3504 quam
1465 3412 1551 3502 quid

325 3529 439 3598 facere
458 3527 489 3596 ei
506 3526 663 3596 licuisset
683 3528 818 3617 populo
840 3509 931 3596 esset
961 3527 1202 3616 judicandum.
1218 3529 1324 3617 Apud
1348 3526 1554 3598 Ciceronem

325 3645 416 3714 enim
431 3643 479 3712 sic
490 3642 646 3734 loquitur
670 3644 721 3711 Μ.
737 3643 916 3712 Antonius
933 3666 941 3714 :

374 3789 390 3824 a
414 3761 539 3850 Quum
572 3761 613 3829 L.
652 3758 787 3849 Opimii
823 3782 969 3828 causam
1009 3759 1217 3828 defendebat
1250 3762 1344 3851 apud
1369 3762 1552 3853 populum,

327 3877 489 3946 audiente
503 3899 572 3958 me,
582 3875 622 3945 C.
633 3874 749 3947 Carbo
760 3876 899 3958 consul,
915 3875 1002 3944 nihil
1012 3876 1052 3944 de
1062 3876 1104 3948 C.
1119 3875 1268 3946 Gracchi
1284 3899 1368 3946 nece
1383 3879 1551 3971 negabat,

327 3994 388 4061 sed
404 3992 440 4060 id
456 3993 546 4080 jure,
562 4013 625 4081 pro
642 3993 751 4060 salute
765 3990 907 4083 patriae,
922 3992 1055 4061 factum
1070 4015 1143 4060 esse
1160 3992 1361 4082 dicebat(5).
1378 3985 1397 4059 ¹»
1481 4039 1484 4046 ·

370 4109 467 4177 Tum
479 4107 587 4198 igitur
599 4107 808 4176 absolvendo
824 4131 935 4192 reum,
953 4107 990 4176 id
1004 4109 1157 4199 populus
1181 4128 1346 4200 seputare
1371 4111 1552 4202 professus

328 4241 391 4311 est,
406 4223 533 4309 imm0,
552 4242 587 4292 ut
600 4223 647 4292 ita
661 4224 789 4310 dicam,
806 4225 840 4292 id
855 4225 1036 4323 decretum
1050 4225 1171 4312 voluit,
1185 4226 1259 4315 jure
1272 4250 1337 4296 suo
1354 4250 1459 4296 usum
1474 4250 1552 4297 esse

362 4467 404 4539 (ι)
419 4463 564 4520 Trahitur
577 4463 608 4519 in
629 4464 810 4538 exemplum,
836 4477 870 4520 ut
894 4467 927 4525 L.
960 4465 1111 4540 Opimius,
1141 4468 1178 4521 ab
1194 4453 1349 4524 'Eduardo
1375 4468 1552 4546 Laboulaye

325 4538 407 4610 (Lois
419 4535 592 4592 crimt'neiles
606 4535 655 4618 des
666 4535 816 4605 Romaim,
836 4535 931 4604 Paris,
951 4538 1035 4609 1845,
1050 4556 1083 4612 p.·
1101 4540 1176 4611 124).

362 4612 401 4681 (2)
415 4610 597 4677 Peurxucn„
616 4606 683 4665 Ttb.
710 4608 865 4676 Gracchus,
881 4609 962 4664 XIX.

362 4682 404 4754 (3)
419 4679 504 4750 ibid,
522 4680 608 4736 Gaius
622 4679 778 4750 Gracchus,
797 4680 892 4739 XVII,

374 4752 572 4824 4)Epit.,61.

377 4824 401 4885 5»
417 4823 463 4878 De
478 4823 572 4895 Orat,
590 4841 617 4895 2,
635 4824 681 4894 25,
699 4823 767 4882 106.
