3725 6050
815 824 1014 904 „77-

294 984 437 1053 firmum
457 982 529 1050 sine
552 962 663 1070 capite
682 1000 690 1047 :
712 978 806 1062 huic,
822 1000 905 1048 cum
919 961 966 1049 ita
984 979 1032 1069 de·
1047 1000 1083 1048 se
1103 978 1266 1048 meritum
1286 996 1388 1059 esset,
1407 996 1523 1070 caput,

296 1098 443 1183 sevire,
460 1119 532 1166 non
547 1095 756 1165 defuturum
771 1098 828 1181 (r).
846 1116 867 1163 n

342 1215 438 1284 Dum
460 1211 596 1281 turba
587 1227 636 1280 xta
660 1210 845 1289 sentiebat,
870 1208 934 1278 viri
959 1209 1089 1279 civiles
1100 1208 1304 1300 quasdam
1296 1230 1332 1277 m
1355 1208 1526 1279 factiones

189 1384 193 1390 .
296 1328 396 1399 scissi
417 1328 578 1410 abibant,
595 1348 683 1416 quas
702 1341 859 1416 quatuor
877 1324 996 1409 fuisse,
1020 1342 1099 1416 post
1120 1325 1236 1416 Syllae
1255 1323 1526 1451 abdicationem,

298 1462 390 1515 recte
403 1443 522 1512 forsan
537 1441 725 1511 credideris
739 1445 795 1527 (2).

342 1559 412 1629 Alii
435 1558 543 1640 enim,
573 1557 633 1647 qui
656 1556 842 1647 optimates
867 1556 1082 1637 dicebantur,
1109 1555 1251 1625 stabant
1274 1578 1339 1646 pro
1362 1555 1527 1648 gentibus
1567 1640 1573 1650 ι
1712 1553 1714 1558 ’

298 1675 388 1762 suis,
407 1695 573 1766 quarum,
593 1672 756 1764 quamvis
769 1693 901 1762 paucae
916 1688 1046 1756 essent,
1061 1669 1239 1761 principes
1259 1687 1423 1739 senatum
1441 1693 1529 1742 con-

302 1791 384 1860 siliis
398 1794 591 1881 gubernare
607 1805 786 1877 totamque
801 1808 872 1856 rem
890 1786 1069 1877 publicam
1081 1808 1199 1877 regere
1217 1786 1394 1856 solebant.

344 1905 428 1990 Alii,
471 1905 561 1972 inter
597 1903 743 1985 nobiles,
778 1902 843 1971 illis
879 1902 1096 1987 invidebant,
1133 1902 1377 1995 optabantque
1414 1924 1457 1970 ne
1494 1900 1529 1969 in

296 2011 507 2091 eorumdem
527 2018 693 2088 manibus
713 2041 766 2087 res
783 2039 922 2109 semper
934 2032 1143 2087 manerent:
1162 2039 1202 2087 ex
1221 2016 1353 2108 quibus
1373 2017 1528 2089 Crassus

296 2153 387 2207 erat.

347 2250 470 2321 Factio
485 2266 603 2318 autem
616 2247 814 2339 popularis,
832 2268 942 2333 quam
954 2246 1060 2316 Marii
1076 2247 1265 2317 factionem
1278 2246 1394 2317 dicere
1406 2247 1528 2338 possis,

300 2389 394 2457 quos
413 2364 510 2456 Sylla
530 2380 726 2447 vexaverat,
744 2384 802 2431 eos
815 2385 938 2431 omnes
952 2363 1258 2453 complectebatur.
1275 2364 1443 2458 Praeerat
1463 2362 1532 2431 illis

302 2480 409 2552 Marii
422 2497 540 2571 nepos,
560 2479 703 2550 Caesar.

349 2596 485 2687 Quarta
521 2612 624 2681 secta,
653 2616 741 2681 quae
771 2593 934 2662 militaris
970 2593 1119 2662 forsitan
1158 2593 1359 2684 appelletur,
1392 2616 1432 2663 ex
1460 2592 1531 2662 illis

303 2711 511 2782 hominibus
536 2709 728 2796 constabat,
747 2708 820 2799 qui,
838 2708 1026 2799 stipendiis
1052 2713 1146 2799 apud
1167 2710 1296 2801 Syllam
1319 2707 1431 2791 factis,
1450 2731 1533 2777 cum

289 2825 349 2897 *ad
373 2810 567 2919 gerendam
589 2824 844 2915 rempublicam
868 2823 1049 2913 pervenire
1071 2824 1151 2893 inde
1171 2847 1240 2894 non
1260 2828 1535 2915 potuissent,res
1622 2812 1626 2820 ¹

304 2941 514 3012 commutari
526 2964 567 3010 eo
581 2940 725 3010 consilio
743 2939 930 3031 cupiebant
947 2956 986 3008 ut
999 2940 1054 3009 vel
1072 2940 1215 3032 imperio
1232 2940 1287 3010 vel
1302 2939 1431 3010 divitiis
1443 2940 1536 3032 poti·

306 3075 441 3128 rentur.
458 3057 628 3148 Quorum
642 3079 748 3124 nemo
763 3055 877 3125 notior
892 3078 1004 3146 quam
1017 3056 1089 3145 ipse
1101 3056 1267 3127 Catilina.

352 3176 480 3260 Porro,
497 3173 578 3264 quia
601 3171 789 3264 optimates
811 3171 1063 3261 rempublicam
1084 3170 1260 3253 tenebant,
1277 3172 1401 3239 ceteris
1418 3171 1537 3263 omni-

305 3291 372 3359 bus
387 3311 456 3357 una
478 3310 578 3357 mens
600 3303 685 3370 erat,
705 3274 744 3355 ut
766 3310 827 3355 eos
852 3309 892 3355 ex
913 3287 1105 3355 honoribus
1124 3285 1402 3372 muneribusque
1422 3303 1535 3354 extur-

304 3407 438 3475 barent.
454 3405 590 3493 Itaque,
612 3402 762 3493 exceptis
783 3402 927 3492 quidem
952 3400 1127 3470 incendiis
1152 3402 1399 3491 caedibusque,
1418 3401 1454 3469 in
1471 3402 1537 3470 hoc

307 3513 580 3589 consentiebant
593 3536 630 3586 ut
644 3531 726 3608 plus
737 3518 894 3586 minusve
908 3517 1078 3586 Catilinae
1092 3517 1273 3607 inceptum
1287 3516 1370 3586 oriri
1384 3516 1538 3607 propitia

310 3637 487 3704 voluntate
502 3634 676 3703 viderent.

355 3750 499 3820 Nemini
514 3750 606 3818 enim
626 3751 787 3841 ignotum
808 3766 875 3835 est,
889 3767 927 3817 ut
942 3749 1012 3817 duo
1027 3749 1188 3818 homines
1211 3748 1354 3817 maximi
1375 3747 1539 3838 ponderis

305 3883 450 3935 tantum
474 3865 659 3956 appellem,
691 3865 864 3937 Crassum
890 3864 1147 3953 Caesaremque
1172 3863 1214 3931 de
1240 3864 1477 3950 conjuratione
1501 3864 1537 3931 in

268 4030 275 4038 -
308 3981 547 4072 suspicionem
570 3980 717 4063 venisse,
743 3980 791 4049 ita
814 3979 922 4048 etiam
949 3996 988 4047 ut
1014 4001 1172 4069 expresse
1203 3978 1357 4049 accusati
1379 3979 1459 4061 sim,
1484 3978 1541 4048 ille

312 4113 393 4166 ante
414 4097 679 4186 conjuratorum
697 4112 861 4176 mortem,
883 4095 939 4164 hic
961 4113 1091 4184 postea.
1113 4093 1236 4185 Quid?
1249 4094 1364 4164 Testis
1385 4111 1437 4164 est
1459 4094 1541 4164 Plu·

308 4212 453 4281 tarchus
472 4210 588 4302 plures
611 4211 778 4280 exstitisse
797 4210 857 4300 qui
872 4210 1027 4279 dicerent
1041 4209 1198 4282 Ciceroni
1221 4232 1262 4278 ea
1283 4209 1388 4279 fuisse
1412 4211 1540 4302 quibus

308 4327 396 4396 illos
409 4327 641 4416 conjurationi
662 4325 791 4395 favisse
816 4327 1073 4416 comprobaret,
1104 4348 1183 4393 eum
1209 4349 1291 4396 vero
1313 4326 1381 4395 illis
1401 4348 1541 4417 parcere

349 4513 484 4585 (1.,)C1c
499 4512 558 4569 Pro
577 4514 703 4568 Murena
723 4514 865 4568 XXV.-
879 4511 1085 4568 APlutarcho
1106 4511 1196 4583 (cia,
1215 4515 1261 4585 14)
1279 4512 1410 4569 Catrlma
1429 4511 1542 4567 dixisse

308 4584 421 4650 fertur,
444 4605 456 4636 c
476 4558 539 4639 'duo
560 4601 689 4664 corpora
707 4601 772 4640 esse
793 4583 836 4639 rei
856 4582 1008 4664 publicae,
1023 4601 1118 4637 unum
1135 4601 1205 4638 cum
1222 4583 1320 4664 capite
1341 4582 1452 4648 debile,
1466 4582 1542 4638 alte·
1561 4588 1564 4594 ’

314 4673 393 4724 rum,
416 4667 498 4714 etc..
523 4676 535 4706 »
563 4654 613 4710 Sic
638 4655 762 4726 quidem
786 4656 877 4710 verba
901 4654 1002 4710 verbis
1031 4653 1142 4709 rectius
1167 4672 1281 4734 opponi
1305 4654 1462 4709 fatendum
1482 4665 1542 4724 est;

315 4743 414 4798 neque
443 4725 543 4782 tam'en
574 4725 816 4782 obliviscendum
843 4725 1024 4782 Ciceronem
1048 4724 1230 4781 Catilinae
1223 4743 1254 4780 m
1279 4738 1386 4779 senatu
1413 4724 1543 4780 dicentis

314 4797 430 4854 verba
424 4814 523 4869 ipsum
538 4797 705 4856 audivisse.

352 4867 451 4938 (alf
410 4867 457 4925 Cf
475 4869 626 4927 Mn'nmrla
641 4868 752 4926 Etudes
766 4885 816 4926 sur
831 4867 970 4925 l'hislotre
986 4867 1144 4924 romaine:
1163 4867 1191 4920 la
1204 4864 1393 4974 Conjuration
1410 4865 1446 4921 de
1460 4864 1544 4924 Cati·

311 4938 387 5010 lina,
405 4938 503 5007 Paris,
522 4939 603 5010 1844,
619 4957 649 5012 p
668 4940 713 4995 31.
1184 4978 1186 4982 ,
