3725 6050
843 686 1038 735 ...10-

324 855 526 905 accusatum
546 860 724 923 venerant,
741 840 775 909 in
797 840 1076 930 conjurationem
1098 839 1238 931 pellecti
1258 855 1355 922 sunt,
1374 856 1412 907 ut
1430 838 1556 908 Gallos

324 971 588 1024 commoverent
606 973 724 1025 contra
741 956 1014 1047 rempublicam.
1036 956 1063 1024 li
1081 976 1174 1037 veru,
1194 954 1362 1044 ancipites
1382 954 1555 1039 consiliis,

279 1060 287 1072 '
326 1089 401 1136 rem
424 1089 509 1138 cum
534 1071 643 1139 Fabio
667 1072 784 1164 Sanga
806 1072 1082 1158 communicant,
1106 1093 1190 1140 suae
1214 1069 1366 1138 civitatis
1389 1088 1553 1161 patrono.

370 1184 466 1252 Turn
487 1186 585 1254 Fabii
599 1186 726 1255 indicio
742 1188 909 1266 monitus,
927 1187 1055 1257 Cicero
1069 1185 1240 1276 praecipit
1250 1203 1288 1254 ut
1306 1186 1519 1278 Allobroges
1534 1210 1556 1255 a

323 1297 514 1385 conjuratis
542 1304 723 1392 postulent
757 1302 1012 1393 jusjurandum,
1044 1302 1142 1393 quod
1167 1300 1343 1393 signatum
1378 1302 1424 1369 ad
1460 1301 1556 1371 cives

323 1412 516 1501 perferant;
537 1418 638 1487 aliter
660 1419 754 1489 haud
776 1419 876 1487 facile
899 1440 959 1487 eos
985 1417 1029 1485 ad
1050 1434 1191 1485 tantum
1214 1418 1397 1508 negotium
1420 1417 1556 1507 impelli

323 1550 437 1619 posse.
467 1531 576 1620 Quod
603 1557 684 1604 cum
710 1533 883 1624 conjurati
911 1534 1000 1602 nihil
1034 1534 1199 1625 suspicati
1226 1533 1415 1618 dedissent,
1442 1533 1556 1602 facul·

324 1660 435 1714 tatem
452 1648 518 1716 sibi
540 1650 694 1719 oblatam
716 1650 856 1741 putavit
875 1651 1001 1719 consul
1024 1666 1070 1736 ut,
1088 1651 1184 1741 quod
1203 1666 1277 1717 erat
1299 1648 1555 1734 difficillimum,

325 1761 497 1852 quodque
514 1766 818 1835 vehementissime
840 1788 982 1856 semper
998 1765 1156 1854 optabat,
1173 1781 1246 1833 tota
1262 1787 1318 1832 res
1349 1787 1422 1833 non
1438 1765 1557 1833 solum

325 1898 346 1943 a
361 1899 397 1944 se
426 1878 485 1946 sed
500 1881 606 1949 etiam
627 1905 647 1951 a
662 1900 788 1951 senatu
803 1899 862 1951 eta
877 1882 1011 1974 populo
1026 1880 1212 1950 manifesto
1232 1879 1552 1969 deprehenderetur.

375 1998 504 2083 Itaque
534 1997 640 2088 paulo
669 2008 760 2087 post,
791 1998 892 2067 tertia
920 1998 990 2066 fere
1024 1997 1141 2089 vigilia
1177 2014 1309 2081 exacta,
1338 2017 1449 2084 quum
1485 1996 1556 2082 jam

324 2136 466 2207 pontem
488 2112 661 2195 Milvium,
687 2135 813 2205 magno
826 2113 1007 2193 comitatu,
1025 2113 1128 2204 legati
1152 2113 1390 2202 Allobrogum
1419 2110 1556 2202 ingredi

325 2232 532 2321 inciperent,
550 2229 587 2297 fit
601 2228 635 2297 in
654 2251 713 2298 eos
733 2229 904 2319 impetus;
921 2230 1066 2308 litterae,
1085 2250 1332 2319 quaecumque
1345 2250 1445 2296 erant
1460 2226 1497 2294 in
1513 2248 1555 2295 eo

324 2344 662 2435 comitatu,integris
691 2344 814 2436 signis,
843 2343 1068 2434 praetoribus
1094 2343 1295 2425 traduntur,
1324 2343 1553 2429 hominesque

328 2460 584 2551 comprehensi,
602 2459 647 2528 ad
668 2461 862 2545 consulem,
879 2481 961 2528 cum
976 2460 1046 2548 jam
1067 2460 1301 2541 dilucesceret,
1318 2458 1551 2527 deducuntur.

370 2577 518 2668 Cogitur
540 2576 654 2644 statim
671 2593 811 2644 senatus
826 2576 862 2644 in
881 2576 1059 2667 templum
1074 2575 1307 2657 Concordiae,
1323 2574 1555 2664 adductisque

327 2692 439 2764 Gallis
465 2708 568 2780 atque
591 2690 789 2779 conjuratis,
812 2692 958 2761 tabellae
980 2692 1214 2779 proferuntur,
1236 2690 1450 2774 recitantur3
1468 2689 1553 2777 quid

326 2809 462 2876 multa?
499 2809 737 2897 Exponuntur
774 2823 877 2893 atque
909 2808 1069 2875 eduntur
1095 2807 1233 2875 indicia„
1273 2809 1408 2895 ltaque,
1436 2803 1554 2896 gratiis

326 2923 551 3015 amplissimis
587 2924 727 2992 consuli
761 2922 855 3008 actis,
882 2939 1029 2992 senatus
1061 2923 1111 2991 ita
1146 2923 1278 2991 censuit
1308 2940 1347 2990 ut
1377 2921 1552 2991 Lentulus

325 3030 571 3132 Cethegusque
586 3039 620 3108 in
635 3039 831 3108 custodiam
847 3040 1081 3108 traderentur.

370 3155 483 3224 Misso
518 3177 602 3225 vero
631 3172 773 3239 senatu,
801 3154 943 3224 tertiam
978 3172 1098 3223 contra
1126 3153 1317 3224 Catilinam
1352 3154 1552 3223 orationem

325 3271 449 3341 consul
477 3271 596 3340 habuit
623 3271 667 3339 ad
693 3271 876 3361 populum,
899 3292 1021 3360 quem,
1046 3286 1120 3338 tota
1146 3291 1182 3337 re
1209 3269 1375 3359 exposita,
1399 3269 1553 3338 alienum

325 3388 393 3475 jam
414 3409 435 3454 a
458 3386 610 3458 Catilina
632 3386 779 3475 ejusque
799 3384 904 3453 sociis
920 3385 1081 3454 efficeret.
1096 3384 1205 3473 Quod
1227 3405 1267 3452 ex
1289 3385 1361 3473 ejus
1381 3384 1554 3454 sententia

327 3502 507 3572 successit.

372 3617 434 3686 Die
449 3616 653 3707 perendina‚
676 3638 766 3706 quae
787 3615 855 3684 fuit
876 3616 998 3706 quinta
1022 3615 1242 3702 Decembris,
1260 3617 1383 3684 Patres
1406 3615 1442 3682 in
1463 3632 1567 3684 tem·'

326 3733 422 3822 plum
438 3730 657 3802 Concordiae
672 3731 864 3815 advocavit,
878 3749 915 3799 ut
929 3754 1020 3823 quae
1032 3754 1144 3821 poena
1155 3754 1175 3799 a
1187 3733 1336 3800 Lentulo
1351 3730 1552 3822 ceterisque

327 3846 499 3916 sumenda
517 3863 607 3915 esset
621 3847 859 3916 decernerent.
877 3845 1035 3927 Silanus,
1057 3846 1398 3939 consuldesignatus‚
1416 3848 1554 3936 primus

326 3984 365 4030 ex
393 3983 492 4029 more
521 3978 664 4053 rogatus
691 3978 755 4030 est.
775 3963 968 4051 Postquam
995 3984 1072 4030 reos
1098 3961 1222 4030 ultimo
1251 3962 1454 4053 plectendos
1479 3983 1554 4030 esse

328 4075 505 4166 supplicio
534 4094 727 4156 censuerat,
757 4077 860 4167 eique
895 4076 998 4146 multi
1033 4076 1092 4145 alii
1124 4077 1259 4146 assensi
1284 4092 1396 4161 erant,
1427 4076 1555 4146 Caesar
1589 4089 1592 4092 ’

327 4192 453 4261 mortis
476 4215 632 4283 poenam
655 4191 822 4277 removit3
843 4192 1099 4283 publicatisque
1114 4193 1227 4275 bonis,
1254 4192 1454 4279 conjuratos
1479 4191 1555 4260 vin-

326 4309 405 4377 cula
432 4308 502 4398 pati
537 4331 648 4399 eaque
680 4309 889 4398 sempiterna
919 4308 1027 4397 jussit.
1059 4308 1162 4397 Quae
1188 4307 1359 4377 sententia
1389 4306 1575 4398 plurimis

326 4422 442 4491 statim
457 4423 600 4513 probari
617 4422 690 4492 visa
706 4440 771 4492 est.

371 4540 465 4607 Tum
487 4540 612 4608 consul
637 4538 734 4608 illam
757 4539 879 4608 habuit
908 4561 1000 4631 quae
1022 4556 1146 4627 quarta
1170 4538 1299 4607 dicitur
1327 4538 1419 4607 inter
1446 4536 1555 4607 catili-

148 4684 152 4693 ·
223 4710 228 4717 .
328 4653 447 4723 narias
461 4655 647 4724 orationes.
661 4655 746 4745 Qua
760 4654 795 4723 in
810 4654 920 4725 Silani
936 4672 1071 4748 partem
1087 4676 1168 4723 cum
1183 4653 1292 4735 iisset,
1305 4653 1554 4723 vehementius-

328 4792 397 4860 que
417 4770 519 4854 Cato,
534 4770 682 4841 Caesare
703 4770 798 4839 haud
822 4772 972 4840 obscure
992 4787 1114 4839 vocato
1140 4771 1174 4838 in
1199 4770 1446 4860 suspicionem,
1459 4769 1552 4838 idem
