3725 6050
824 859 1021 957 *75*

298 1047 375 1099 tere
388 1047 447 1099 aut
468 1030 675 1102 labefactare
694 1049 844 1123 poterat,
862 1034 1013 1125 propitia
1026 1034 1221 1119 voluntate,
1238 1050 1275 1100 ut
1291 1020 1420 1103 Caesar
1439 1031 1527 1121 ipse,

302 1145 530 1237 benignisque
554 1148 664 1217 oculis
678 1149 862 1239 adspicias.
879 1147 963 1219 Sine
981 1149 1099 1217 studio
1124 1148 1216 1217 enim
1231 1159 1320 1238 quae
1338 1146 1530 1216 dictasunt

298 1261 440 1347 audire,
457 1285 547 1352 quae
559 1261 651 1333 facta
661 1264 811 1351 discere,¹
822 1287 904 1336 eum
918 1265 1018 1333 deeet
1030 1264 1092 1355 qui
1107 1264 1149 1332 sit
1166 1265 1279 1333 cultor
1289 1262 1459 1332 veritatis.

907 1454 921 1481 st

890 1513 937 1542 fr*

298 1634 306 1673 :
351 1630 384 1678 2.
403 1609 702 1680 Periculosissima
717 1611 822 1704 igitur
846 1613 1040 1703 conjuratio
1064 1611 1264 1697 habebitur,
1283 1608 1312 1679 si
1332 1608 1530 1697 quisquam

306 1724 428 1815 gravia
449 1726 672 1818 nefandaque
692 1727 939 1798 meditarentur
957 1728 1127 1817 conjurati
1149 1725 1351 1797 meminisse
1365 1721 1528 1792 voluerit».

308 1838 375 1927 Sed
392 1862 434 1909 eo
451 1841 555 1910 etiam
568 1827 803 1932 periculosam
821 1843 934 1913 fuisse
955 1844 1114 1913 eamdem
1133 1841 1354 1921 existimabis,
1368 1839 1465 1930 quod
1485 1836 1532 1905 rei

305 1972 379 2023 tarn
391 1956 490 2025 multi
504 1958 666 2026 homines
688 1959 844 2028 faverent
858 1977 899 2029 ut
919 1959 1119 2028 timendum
1133 1975 1221 2027 esset
1245 1980 1288 2026 ne
1303 1957 1358 2025 illa
1373 1978 1411 2024 ex
1427 1952 1532 2025 Cati-

301 2070 396 2140 111133
412 2073 582 2142 sententia
596 2075 804 2144 succederet.
833 2077 885 2144 Ea
902 2076 996 2143 enim
1014 2103 1030 2139 «
1047 2075 1099 2144 vis
1121 2074 1233 2143 morbi
1252 2095 1293 2142 ac
1306 2070 1414 2142 veluti
1435 2061 1532 2139 tabes

306 2188 494 2278 plerosque
507 2187 637 2257 civium
651 2188 823 2260 invaserat
839 2194 883 2277 (x)
898 2217 928 2260 x.

299 2342 300 2345 ¹
354 2304 542 2374 Novarum
566 2304 661 2373 enim
685 2328 799 2374 rerum
824 2306 924 2375 multi
946 2306 1063 2396 cupidi
1087 2322 1201 2391 erant,
1215 2304 1298 2395 quia
1323 2298 1532 2372 commutari

310 2418 471 2488 volebant
503 2419 576 2501 alii,
608 2437 645 2489 ut
681 2420 730 2490 ita
766 2421 899 2508 dicam,
924 2438 1056 2492 statum
1083 2422 1270 2500 bonorum,
1305 2417 1362 2488 alii
1398 2432 1532 2485 statum

310 2533 468 2603 civitatis.

357 2651 481 2741 Neque
497 2675 578 2720 sane
592 2652 736 2721 mirum.
757 2653 899 2722 Etenim
915 2652 1018 2722 bonis
1038 2653 1084 2721 ita
1105 2653 1254 2743 impares
1277 2665 1373 2719 erant
1394 2646 1483 2715 inter
1499 2666 1536 2712 se

310 2766 364 2833 vel
387 2765 478 2835 cives
502 2767 567 2857 ipsi
592 2768 757 2855 Romani,
782 2785 819 2837 ut
842 2768 1065 2859 iniquissime
1092 2767 1309 2836 dissiderent.
1334 2767 1431 2835 Nam
1454 2781 1537 2830 cum

310 2881 411 2949 multi
431 2881 547 2972 inopia
571 2883 786 2969 laborarent,
816 2884 923 2975 aliqui
949 2884 1078 2953 divitiis
1106 2882 1305 2972 deliciisque
1320 2878 1534 2960 diffluebant,

311 2995 429 3087 eisque
466 3016 552 3086 erat,
588 3015 628 3069 ut
666 3000 785 3069 Velleii
824 3000 1001 3070 Paterculi
1038 3000 1155 3070 verbis
1193 3015 1284 3087 utar,
1318 3022 1337 3063 c
1371 2992 1537 3088 pecuniae

314 3112 467 3183 infamia.
488 3143 504 3177 x
523 3117 574 3184 Ex
586 3116 676 3185 victo
691 3117 783 3185 enim
797 3132 869 3186 toto
890 3118 975 3186 orbe
989 3133 1163 3185 terrarum
1179 3131 1366 3206 argentum
1386 3131 1537 3181 aurum-

313 3251 381 3319 que
412 3231 566 3299 Romam
589 3233 846 3318 confluxetant,
871 3233 915 3300 ad
943 3253 1139 3323 paucorum
1167 3247 1283 3298 tamen
1311 3226 1536 3297 commodum

312 3361 418 3436 atque
433 3346 632 3417 utilitatem.

357 3463 398 3530 ln
417 3462 518 3531 Italia
533 3486 615 3532 vero
636 3464 707 3555 agri
728 3465 1002 3550 deserebantur,
1015 3464 1275 3562 agricolaeque,
1292 3460 1327 3529 in
1344 3473 1537 3550 egestatem
1643 3480 1649 3489 ·

315 3577 466 3661 deducti,
482 3561 526 3647 ad
548 3579 682 3650 Urbem
697 3581 851 3671 undique
870 3580 1146 3660 conveniebant,
1161 3581 1208 3648 ita
1223 3577 1305 3648 mali
1319 3579 1536 3667 paupertate,
1615 3632 1617 3634 .

316 3692 573 3784 cupiditatibus,
594 3695 696 3779 vitiis,
714 3696 777 3776 ira,
798 3696 1053 3786 desperatione,
1071 3713 1110 3765 ut
1129 3696 1199 3785 jam
1217 3693 1341 3765 ltaliae
1359 3690 1539 3779 totiusque

315 3809 437 3878 mundi
453 3811 631 3900 quaedam
646 3811 747 3902 quasi
764 3813 902 3881 sentina
916 3813 1031 3882 Roma
1048 3834 1124 3880 esse
1138 3811 1328 3879 videretur.

359 3924 408 3993 Hi
420 3925 573 4010 miseria,
588 3927 635 3995 illi
652 3927 803 4012 luxuria,
819 3928 919 3996 multi
934 3928 1043 3997 otiose
1058 3925 1300 4009 vivendo,sive
1315 3922 1396 4018 quia
1412 3934 1540 4011 sponte

315 4039 386 4108 sive
408 4041 491 4129 quia
516 4041 610 4109 inviti
632 4043 814 4125 vacabant,
839 4043 903 4122 alii
919 4043 1068 4133 denique
1090 4042 1158 4112 alio
1183 4041 1302 4124 modo,
1326 4038 1479 4106 fecerant
1502 4051 1540 4103 ut

314 4154 459 4224 foenore
485 4173 591 4246 atque
617 4181 697 4226 aere
726 4158 855 4244 alieno,
884 4158 1095 4251 gravissimis
1121 4157 1222 4247 quasi
1248 4154 1416 4237 cladibus,
1444 4151 1541 4220 Urbs

316 4270 581 4362 opprimeretur.
610 4273 733 4342 Miseri
761 4275 879 4366 igitur,
906 4275 1048 4365 quique,
1078 4296 1159 4342 oum
1196 4276 1240 4342 ob
1266 4287 1460 4363 egestatem
1485 4265 1542 4335 vel

316 4386 475 4457 luxuriae
498 4388 656 4457 studium
681 4405 846 4458 mutuam
867 4390 1056 4481 pecuniam
1079 4389 1325 4480 sumpsissent,
1340 4408 1410 4455 non
1435 4382 1541 4452 lrabe-

316 4503 402 4572 bant
430 4503 525 4573 unde
557 4505 740 4589 solverent,
772 4528 826 4575 res
860 4505 1074 4574 commutari
1116 4505 1313 4596 cupiebant,
1339 4519 1540 4587 novamque

315 4617 389 4686 fieri
408 4619 582 4689 bonorum
603 4621 838 4710 partitionem.
859 4621 1026 4712 Quorum
1046 4621 1108 4711 qui
1126 4620 1277 4689 maxime
1296 4632 1396 4686 erant
1416 4630 1541 4682 natura

318 4735 503 4826 temperati
523 4735 707 4805 latifundia
722 4737 849 4806 saltem
865 4759 1015 4827 eamque
1035 4736 1110 4828 agri
1127 4734 1255 4823 publici
1273 4748 1417 4822 partem,
1433 4749 1542 4819 quam

352 4921 391 5046 qr)
413 4920 845 5006 sxn.usr.,catil.,xxxy1.
867 4922 981 4979 Confer
1002 4922 1081 5005 quid¹
1095 4922 1126 4977 in
1148 4919 1248 5046 capite
1273 4916 1412 4990 sequenti
1431 4914 1544 4971 dixerit

317 4991 359 5048 Sa
372 4991 482 5048 lustrus
494 5005 537 5063 ut,
554 5011 646 5066 quare
660 4995 831 5068 conjuratio
846 4995 981 5068 placeret
995 4994 1111 5060 multis,
1124 5010 1182 5065 exp
1196 5002 1311 5050 anaret.
