3725 6050
868 723 1040 797 ..8-

339 903 439 986 toris,
452 900 569 969 locum
590 898 881 979 munitissimum,
896 899 1078 989 praesidiis
1100 900 1230 990 ubique
1249 900 1443 986 collocatis,
1458 918 1569 991 atque

345 1015 393 1084 ita
408 1014 497 1084 facto
509 1016 667 1083 omnium
678 1015 1041 1099 bonorumconcursu,
1057 1031 1097 1083 ut
1116 1015 1381 1085 consulentibus
1398 1016 1568 1085 Patribus

341 1130 429 1198 nihil
442 1146 530 1199 esset
545 1129 876 1220 pertimescendum.
1176 1215 1182 1225 ¹

389 1248 512 1334 Neque
525 1262 644 1315 tamen
659 1245 769 1314 deluit
784 1245 958 1315 Catilinae
973 1245 1111 1315 animus
1131 1246 1185 1315 ille
1198 1246 1312 1315 audax
1331 1270 1338 1315 :
1359 1246 1451 1315 venit
1471 1247 1568 1315 enim

341 1361 377 1430 in
397 1378 567 1431 senatum.
591 1363 705 1445 Tum,
733 1361 977 1431 secedentibus
997 1361 1043 1430 ab
1064 1383 1107 1431 eo
1127 1379 1298 1452 tanquam
1317 1384 1338 1430 a
1359 1378 1454 1453 peste
1483 1384 1569 1453 qua·

345 1478 428 1547 dam
457 1477 625 1547 Patribus
658 1476 797 1545 cunctis
821 1493 859 1545 ut
889 1499 970 1567 pars
998 1476 1058 1546 illa
1086 1477 1353 1557 subselliorum,
1381 1480 1424 1545 ad
1460 1500 1569 1569 quam

344 1593 552 1673 accessisset,
579 1592 674 1661 nuda
700 1609 807 1682 atque
845 1592 958 1661 inanis
992 1592 1262 1683 relinqueretur,
1291 1609 1489 1662 commotus
1518 1594 1570 1661 ira

344 1708 481 1792 consul,
496 1708 530 1777 in
552 1708 612 1777 illa
630 1707 857 1777 celeberrima
871 1708 976 1778 verba
997 1708 1132 1798 erupit:
1156 1734 1173 1773 α
1195 1708 1393 1798 Quousque
1420 1709 1568 1777 tandem

343 1824 500 1904 abutere,
516 1823 676 1911 Catilina,
690 1824 861 1915 patientia
870 1828 1010 1893 nostra?
1026 1850 1042 1886 u

389 1939 583 2010 Notissima
602 1956 652 2008 est
672 1955 748 2008 tota
767 1940 823 2009 illa
837 1962 927 2030 quae
948 1939 1074 2009 dicitur
1088 1939 1202 2030 prima
1218 1939 1439 2011 Catilinaria.
1456 1941 1569 2009 Porro
1640 2006 1644 2013 .

345 2078 384 2124 ea
407 2072 481 2124 erat
495 2054 622 2124 dicenti
638 2054 772 2123 consuli
787 2078 885 2124 mens
909 2073 947 2125 ut
964 2055 1151 2125 Catilinam
1173 2056 1292 2147 egredi
1307 2056 1394 2125 urbe
1417 2072 1568 2147 cogeret,

345 2185 462 2261 neque
482 2171 596 2239 ullum
610 2187 726 2240 tamen
747 2187 867 2240 contra
887 2194 968 2240 eum
984 2170 1161 2241 decretum
1181 2172 1287 2253 fieret,
1307 2193 1378 2263 quo
1397 2170 1467 2240 vim
1481 2172 1570 2260 inju-

344 2303 437 2354 stam
462 2286 533 2376 pati
557 2287 664 2369 visus,
679 2286 792 2378 magis
816 2304 923 2378 atque
944 2287 1057 2379 magis
1081 2286 1212 2357 faventi
1234 2287 1362 2355 civium
1385 2287 1569 2356 voluntate

345 2419 506 2473 uteretur.

389 2520 515 2609 Neque
539 2517 637 2585 aliter
660 2540 695 2586 se
717 2539 774 2585 res
796 2517 930 2585 habuit.
951 2520 1001 2585 Ea
1025 2517 1119 2587 enim
1142 2535 1255 2603 nocte,
1271 2540 1365 2609 quae
1386 2535 1571 2587 consecuta

344 2649 408 2718 est,
431 2633 530 2702 exivit
556 2632 710 2703 Catilina
739 2648 857 2721 atque,
880 2654 958 2701 cum
983 2632 1136 2702 fascibus
1162 2650 1194 2702 et
1217 2633 1292 2701 aliis
1321 2632 1457 2723 imperii
1484 2633 1571 2701 insi-

344 2748 486 2838 gnibus,
499 2748 533 2816 in
547 2764 658 2816 castra
674 2747 718 2815 ad
733 2748 889 2816 Mallium
906 2750 1098 2818 contendit.

389 2865 531 2932 Postero
547 2879 663 2931 autem
679 2885 794 2945 mane,
815 2881 852 2932 ut
874 2865 1046 2956 populum
1065 2864 1259 2954 apartibus
1274 2864 1438 2955 fugientis
1459 2887 1572 2934 remo·

344 2997 450 3059 verer,
468 2978 606 3048 consuli
625 2978 713 3048 nihil
728 2979 843 3068 potius
865 2982 931 3050 luit
951 3003 1057 3070 quam
1077 2997 1129 3067 ui,
1151 2980 1268 3050 habita
1287 2978 1455 3060 oratione,
1482 3004 1571 3072 quae

345 3097 433 3167 facta
458 3115 569 3168 essent
591 3099 729 3192 singula
754 3117 906 3168 narraret
930 3117 963 3168 et
988 3099 1250 3190 diligentissime
1274 3100 1481 3190 explanaret.
1501 3102 1573 3170 Ne-

345 3215 437 3305 gavit
457 3213 549 3282 enim
569 3238 587 3282 a
606 3238 641 3284 se
663 3216 698 3284 in
722 3215 883 3284 exsilium
908 3215 1055 3304 eiectum
1078 3239 1152 3284 esse
1176 3214 1377 3300 Catilinam,
1401 3217 1463 3284 sed
1488 3215 1571 3282 dili·
1626 3295 1634 3313 Ι

346 3329 463 3421 gentia
488 3331 639 3399 consulis
662 3332 880 3421 perterritum
905 3331 1042 3410 abiisse,
1069 3330 1271 3416 excessisse,
1296 3331 1462 3416 evasisse,
1486 3353 1572 3399 eru—

344 3447 457 3536 pisse(
483 3449 503 3533 l·

382 3645 421 3716 (r)
438 3643 594 3713 Sallusti0,
611 3661 680 3699 cum
699 3644 736 3698 de
778 3642 855 3698 rima
870 3642 1039 3699 catilinaria
1055 3643 1195 3698 oratione
1210 3642 1395 3715 paucissima
1410 3644 1484 3699 haec
1502 3657 1573 3699 tan·

346 3727 410 3770 tum
436 3715 580 3770 scriberet
604 3733 610 3769 :
634 3732 649 3769 c
673 3715 714 3772 M.
766 3713 857 3768 ullius
898 3713 1006 3769 consul
1039 3714 1209 3769 orationem
1245 3714 1351 3769 habuit
1386 3714 1572 3770 luculentam

347 3797 438 3856 atque
454 3785 559 3840 utilem
575 3784 761 3858 reipublicae
779 3785 904 3857 (XXXI)
922 3806 947 3853 x,
964 3797 1079 3840 ceteras
1099 3798 1159 3840 tres
1180 3784 1320 3841 omittere
1335 3785 1461 3858 placuit.
1477 3787 1574 3855 Cuius

347 3856 390 3911 rei
408 3874 474 3911 eam
490 3874 555 3911 esse
572 3874 693 3911 causam
708 3857 723 3912 J
728 3857 781 3911 .·B.
799 3856 966 3927 Mispoulet
981 3856 1145 3912 arbitratur
1160 3856 1253 3927 quod,
1268 3875 1337 3911 cum
1350 3857 1444 3912 multa
1460 3875 1496 3912 ex
1511 3857 1572 3913 illis

348 3927 510 3982 Sallustius
531 3927 729 3999 excerpserit,
751 3926 930 4000 praesertim
956 3943 992 3981 ex
1018 3939 1140 3998 quarta,
1162 3944 1221 3998 qua
1252 3928 1317 3984 sola
1338 3928 1376 3982 ad
1400 3928 1573 3984 orationem

348 3997 474 4054 Catonis
490 3997 723 4071 confingendam
736 4016 808 4053 usus
823 3997 872 4066 sit,
889 3996 976 4052 illum
992 4015 1054 4052 non
1068 3997 1177 4078 juverit
1191 3997 1222 4052 in
1237 3999 1406 4070 periculum
1422 4017 1453 4054 se
1468 3999 1573 4055 venire

244 4075 247 4081 “
347 4086 384 4124 ne
399 4087 435 4124 ex
451 4069 561 4140 quibus
577 4069 712 4125 fontibus
729 4067 907 4141 sumpsisset
921 4068 1052 4141 plurima
1068 4069 1225 4124 1ndicaret.

383 4140 474 4206 Quod
500 4141 622 4211 quidem
641 4140 715 4195 mihi
735 4159 797 4196 non
819 4141 976 4212 probatur.
1000 4140 1059 4195 Pro
1083 4140 1129 4194 ius
1148 4139 1229 4194 enim
1249 4140 1287 4195 ad
1306 4140 1462 4196 veritatem
1484 4158 1573 4196 acce-

347 4211 418 4266 dere
438 4211 576 4267 videatur
598 4211 649 4284 qui
669 4224 754 4284 putet
776 4229 812 4267 eo
838 4210 1017 4266 Sallustium
1039 4158 1091 4266 iria
1115 4210 1257 4266 omisisse
1279 4212 1372 4283 quod,
1393 4211 1441 4266 vel
1465 4228 1573 4283 parum

348 4282 491 4337 Ciceroni
513 4281 637 4351 faveret,
657 4283 715 4351 vel,
736 4301 806 4337 cum
831 4300 922 4338 unam
946 4294 1062 4336 tantum
1085 4282 1116 4337 in
1139 4293 1301 4353 utramque
1325 4297 1443 4355 partem
1465 4281 1573 4338 afferre

348 4353 520 4409 orationem
537 4372 620 4409 more
634 4371 689 4409 suo
705 4353 806 4424 vellet,
818 4353 1041 4427 praetermissis
1055 4352 1151 4408 Tullii
1165 4354 1278 4421 verbiS,
1288 4353 1420 4425 orationi
1433 4353 1573 4408 Caesars

346 4423 431 4478 illam
445 4423 571 4480 Catonis
588 4425 690 4480 mallet
704 4442 859 4497 opponere
871 4423 1056 4494 orationem,
1068 4442 1144 4496 quae
1155 4425 1255 4497 reipsa
1267 4426 1305 4479 ad
1325 4439 1454 4480 mortem
1468 4425 1575 4480 decer-

347 4495 478 4549 nendam
494 4495 659 4567 plurimum
673 4494 809 4555 valuerit.

383 4565 546 4621 Orationes
579 4565 646 4621 illas
675 4566 860 4622 catilinarias
890 4584 979 4622 nemo
1014 4567 1113 4623 nescit
1139 4580 1243 4622 nostra
1271 4567 1394 4639 quidem
1419 4579 1516 4623 aetate
1542 4567 1575 4622 in

348 4637 475 4692 dubium
498 4636 539 4692 ita
560 4654 624 4693 esse
645 4652 778 4701 vocatas,
797 4651 829 4693 ut
851 4638 1009 4694 Ciceronis
1031 4656 1096 4694 esse
1116 4650 1261 4711 negarent
1281 4638 1332 4692 alii
1353 4652 1503 4719 quartam,
1521 4638 1574 4694 alii

347 4707 479 4778 tertiam,
494 4708 546 4763 alii
557 4709 732 4778 secundam,
745 4708 796 4764 alii
811 4709 858 4764 vel
869 4711 964 4782 ipsam
979 4710 1119 4782 primam,
1135 4709 1173 4765 iis
1187 4722 1289 4765 tamen
1302 4708 1369 4765 fulti
1385 4710 1574 4782 argumentis

347 4792 390 4848 ut,
420 4780 502 4850 quod
529 4793 628 4846 antea,
654 4780 734 4835 idem
771 4797 851 4835 nunc
880 4781 971 4856 vulgo
995 4781 1031 4837 de
1066 4782 1127 4839 illis
1156 4781 1349 4837 orationibus
1379 4781 1574 4836 sentiendum

344 4862 477 4922 putetur.
