3725 6050
239 4435 244 4442 ’
336 4438 433 4493 Porro
449 4435 636 4491 claudicasse
654 4436 726 4492 satis
744 4451 838 4518 paret,
856 4456 918 4492 non

839 806 1067 880 -53-.

322 995 417 1047 tores
432 995 508 1047 tum
523 978 730 1051 dissensisse
744 982 994 1051 contenderent
1005 984 1061 1069 (ι).
1077 980 1186 1067 Quod
1206 982 1251 1050 ad
1266 982 1549 1051 confirmandum

325 1094 447 1163 haecce
475 1094 583 1164 Tullii
609 1096 716 1167 verba
749 1096 893 1168 afferunt
916 1097 950 1164 in
975 1114 1100 1188 quarta
1124 1096 1334 1168 Catilinaria
1373 1083 1519 1166 dicentis
1537 1086 1552 1168 :¹

327 1210 471 1279 «Video
494 1210 537 1279 de
563 1210 637 1281 istis
668 1212 872 1301 (Patribus),
905 1213 965 1304 qui
989 1236 1026 1281 se
1055 1203 1238 1303 populares
1265 1212 1390 1281 haberi
1412 1213 1549 1299 volunt,¹

324 1324 441 1394 abesse
456 1348 530 1393 non
546 1327 732 1413 neminem,
747 1351 790 1397 ne
804 1328 848 1397 de
863 1326 979 1419 capite
991 1327 1151 1396 videlicet
1162 1328 1290 1396 civium
1304 1329 1551 1399 Romanorum

325 1440 535 1510 sententiam
549 1441 635 1512 serat
649 1446 693 1531 (a)
710 1471 740 1512 i.

322 1649 335 1661 .
371 1556 582 1626 Notandum
597 1574 648 1629 est
657 1557 915 1649 primumcum
925 1557 1047 1628 dixerit
1059 1559 1204 1629 Tullius
1215 1586 1232 1623 «
1245 1581 1313 1628 non
1329 1560 1503 1628 neminem
1519 1587 1549 1642 r,

326 1671 374 1739 sic
391 1688 529 1740 vertere
546 1674 761 1743 Eduardum
773 1674 980 1764 Laboulaye
998 1696 1006 1741 ε
1025 1702 1042 1739 u
1068 1676 1148 1746 Une
1158 1674 1289 1765 grande
1307 1675 1414 1764 partie
1439 1674 1552 1743 deses

326 1788 619 1878 contemporains.
637 1816 654 1853 >r
665 1790 794 1881 Reipsa
805 1790 954 1882 quidam
966 1806 1106 1858 tantum
1118 1790 1239 1859 abesse
1251 1791 1440 1859 voluerunt
1453 1813 1553 1859 sena·

325 1919 512 1987 tores,n0n
528 1904 704 1995 sanequia
727 1904 784 1993 jus
802 1905 892 1973 vitae
916 1921 949 1972 et
972 1905 1066 1973 necis
1087 1905 1223 1975 sena'tui
1246 1906 1455 1996 consulique
1480 1928 1553 1975 esse

327 2019 514 2111 negabant,
526 2020 623 2110 quod
640 2019 774 2088 nullius
788 2021 992 2090 testimonio
1005 2022 1271 2112 comprobatur,
1294 2019 1411 2089 sedeo
1436 2020 1555 2089 consi-

328 2134 387 2220 lio,
404 2151 442 2203 ut
465 2135 508 2203 de
521 2135 632 2225 capite
645 2135 775 2205 civium
788 2136 999 2205 sententiam
1012 2159 1082 2205 non
1098 2136 1238 2218 ferrent,
1261 2136 1378 2226 sicque
1396 2136 1555 2205 factionis

326 2250 505 2340 popularis
533 2250 863 2343 iram-injuriasque
890 2251 1082 2320 certissime
1109 2253 1266 2320 vitarent.
1300 2253 1380 2320 Hoc
1402 2269 1556 2320 tantum·

327 2366 434 2434 modo
464 2365 649 2435 dicendum
678 2384 730 2435 est
759 2390 834 2450 eos,
853 2367 1059 2460 ignavorum
1093 2389 1189 2435 more
1216 2366 1380 2447 militum,
1405 2368 1556 2457 pericula

328 2480 475 2572 fugisse,
494 2482 602 2572 quod,
631 2482 667 2549 in
694 2482 800 2551 rebus
828 2483 986 2565 turbatis,
1003 2484 1121 2573 plures
1142 2502 1246 2568 quam
1263 2504 1327 2572 par
1352 2483 1394 2549 sit
1418 2504 1555 2571 semper

330 2595 448 2664 fecisse
464 2596 558 2665 haud
582 2596 820 2687 ignotumest.
850 2600 902 2667 Ex
930 2620 971 2666 eo
994 2598 1091 2690 quod
1115 2598 1236 2666 abesse
1256 2597 1443 2665 voluerunt
1462 2597 1555 2666 disce

327 2732 397 2780 non
410 2711 492 2801 quid
503 2729 619 2781 mente
634 2713 817 2796 senserint,
826 2713 888 2781 sed
903 2713 991 2804 quid
1004 2714 1120 2782 animo
1134 2711 1331 2794 timuerint;
1350 2712 1487 2802 ignavia
1500 2711 1555 2780 hic

334 2817 550 2909 ostenditur,
570 2851 640 2897 non
656 2827 824 2897 sententia
840 2829 896 2915 (3).

934 2990 951 3023 a

916 3046 969 3079 a*

376 3179 410 3244 4.
429 3157 527 3249 Quid
537 3175 651 3227 autem
667 3159 709 3227 de
722 3161 870 3249 populo?
886 3158 1083 3236 Putavitne‚
1099 3181 1179 3225 cum
1191 3159 1558 3248 scriptoribushodier-

333 3273 399 3356 nis,
416 3295 476 3362 per
491 3290 650 3342 senatum
668 3276 923 3364 consulemque
942 3275 1018 3361 jura
1033 3296 1096 3342 sua
1118 3272 1223 3357 laedi,
1252 3296 1297 3342 an
1324 3275 1452 3364 potius,
1478 3296 1560 3342 cum

367 3442 406 3512 (tl
433 3441 600 3498 Contendit
628 3443 789 3498 Eduardus
820 3442 996 3516 Laboulaye
1026 3441 1103 3515 (Lois
1139 3441 1314 3498 eriminelles
1333 3442 1382 3497 des
1409 3442 1557 3512 Romains,

335 3512 430 3582 Paris,
450 3513 532 3582 1845,
549 3531 578 3585 p.
599 3517 674 3582 125).

370 3584 619 3655 (2)1VCarilin.,
635 3586 671 3645 V,
1020 3638 1037 3644 ..

369 3655 410 3726 (3)
426 3655 509 3710 ldem
521 3656 682 3711 Eduardus
699 3656 836 3712 Laboula
861 3673 875 3711 e
891 3655 1131 3729 nonlegitimam
1155 3655 1249 3711 fuisse
1267 3655 1385 3711 consuli
1411 3673 1446 3709 ex
1471 3672 1558 3710 serta-

334 3726 524 3782 tusconsulto
540 3726 787 3799 potestatemsibi
797 3727 824 3782 vi
850 3727 892 3782 eri
904 3727 1121 3792 asseverat,ch
1134 3744 1169 3782 ex
1183 3745 1218 3782 eo
1233 3727 1316 3798 quod
1326 3726 1558 3781 nullumconsul

335 3798 417 3868 quod
444 3794 565 3852 firmum
588 3811 668 3854 esset
690 3812 900 3872 argumentum
925 3797 1059 3853 attulerit
1088 3810 1177 3869 atque
1202 3797 1302 3852 dicere
1332 3814 1423 3851 ausus
1448 3796 1556 3853 luerit:

334 3889 349 3917 ι(
365 3868 478 3923 Caesar
492 3867 641 3942 intellegit
662 3869 758 3950 legem
784 3869 996 3942 Semproniam
1019 3885 1084 3924 esse
1100 3869 1137 3923 de
1161 3868 1279 3924 civibus
1293 3868 1426 3922 romanis
1442 3867 1557 3923 consti·

332 3948 429 3994 tutam
444 3955 451 3994 ε
466 3939 519 4012 qui
539 3953 640 3995 autem
659 3957 701 3995 rer
719 3940 858 4012 publicae
881 3941 919 3995 sit
933 3939 1126 4007 hostis,'eum
1151 3939 1247 3994 civem
1265 3956 1348 3994 esse*
1357 3938 1440 3993 nullo
1463 3939 1556 3994 modo

333 4027 435 4082 posse.
452 4031 466 4062 »
482 4010 650 4082 (IVCarit,
665 4012 716 4083 V.)
734 4011 851 4066 Eodem
872 4029 997 4084 prorsus
1022 4023 1199 4082 argumento
1232 4010 1263 4064 in
1291 4009 1388 4082 prima
1414 4010 1558 4064 adversus

334 4080 499 4136 Catilinam
512 4081 651 4137 oratione
665 4100 738 4137 usus
753 4095 807 4138 est.
821 4084 854 4137 ln
870 4083 989 4137 duabus
1000 4081 1091 4154 igitur
1106 4099 1180 4152 quas
1196 4093 1313 4136 tantum
1330 4081 1410 4152 apud
1421 4094 1560 4136 senatum

334 4151 441 4208 habuit
456 4151 743 4219 orationibus‚hunc
758 4153 989 4226 argumentandi
1004 4153 1128 4207 modum
1147 4151 1296 4207 adhibuit.
1314 4151 1413 4218 Quem
1435 4152 1560 4206 modum

334 4224 405 4280 inde
425 4234 550 4296 apparet
560 4223 658 4279 virum
672 4224 745 4290 juris
761 4224 875 4297 publici
891 4224 1066 4296 peritissum
1082 4223 1236 4296 putavisse
1246 4223 1371 4296 dignum
1387 4240 1452 4277 esse
1469 4240 1559 4294 quem

250 4296 255 4304 '
335 4293 456 4350 firmum
473 4308 629 4350 senatores
654 4295 883 4351 arbitrarentur.
909 4296 953 4349 De
997 4313 1037 4349 uo
1060 4306 1161 4349 tamen
1192 4295 1353 4349 Eduardus
1384 4294 1559 4366 Laboulaye

335 4364 483 4422 exclamat
500 4384 507 4419 :
525 4386 539 4416 «
556 4365 633 4438 Qu'y
649 4365 725 4422 a-t-il
741 4366 777 4422 de
793 4367 861 4438 plus
875 4313 1036 4421 mise'raible
1048 4365 1053 4420 l
1067 4387 1081 4416 »
1095 4365 1196 4439 (Oper.
1215 4367 1272 4431 cit,
1294 4383 1324 4437 p,
1342 4367 1406 4432 125,
1429 4379 1500 4419 note
1519 4365 1560 4435 3.)

959 4436 1235 4492 uidem-Ciceronis
1254 4435 1559 4506 argumentationem,

335 4508 389 4564 sed
405 4505 541 4562 Eduardi
556 4507 739 4578 vLaboulaye
758 4508 926 4563 scientiam.
938 4456 997 4563 ius
1011 4508 1091 4562 enirn
1105 4507 1184 4562 vitae
1200 4521 1229 4563 et
1239 4507 1332 4577 necis,
1348 4525 1410 4578 quo
1426 4506 1457 4560 in
1479 4505 1559 4560 cives

336 4578 501 4650 aliquando
522 4579 790 4648 utebaturconsul,
812 4579 1078 4634 senatusconsulto
1094 4579 1201 4633 ultimo
1229 4592 1373 4645 armatus,
1390 4577 1560 4648 modusque

337 4667 398 4722 quo
414 4649 558 4704 adversus
572 4649 695 4705 eosdem
711 4651 758 4724 jus
777 4649 854 4706 illud
877 4666 1015 4704 exercere
1028 4652 1055 4704 ei
1072 4649 1192 4715 licebat,
1207 4649 1284 4704 ineo
1300 4649 1355 4705 niti
1380 4647 1561 4703 videbantur

337 4720 420 4793 quod
433 4719 487 4786 illi,
502 4718 641 4775 hostibus
657 4721 771 4776 similes
786 4739 802 4776 a
818 4734 923 4776 senatu
936 4733 987 4776 aut
1003 4722 1040 4775 ab
1052 4719 1119 4792 ipso
1130 4719 1214 4789 dicti,
1229 4738 1291 4775 non
1309 4721 1368 4791 jam
1381 4718 1560 4785 civium,sed

336 4789 471 4848 hostium
483 4807 566 4845 more
587 4791 666 4846 corri
690 4791 873 4864 ipunirique
885 4792 950 4864 lege
962 4805 1097 4864 possent.
1112 4791 1159 4850 Cf,
1173 4793 1354 4859 Mommsen,
1379 4789 1430 4861 qui
1442 4789 1483 4844 ita
1499 4807 1562 4844 sen·

336 4862 382 4920 tir.
396 4861 493 4932 (Oper.
508 4861 599 4928 citat,
615 4811 725 4936 vlifp,
739 4881 808 4935 477,
819 4875 848 4918 et
877 4863 937 4934 hic,
954 4863 1045 4935 paulo
1063 4880 1164 4935 supra,
1176 4880 1205 4935 p.
1226 4864 1283 4926 52).
1306 4860 1456 4934 Legitime
1468 4860 1559 4933 igitur

336 4934 490 5006 modoque
504 4932 781 5006 jureconsultorum
797 4947 1025 5007 argumentatus
1040 4947 1086 4989 est
1106 4933 1224 4993 Cicero,
1270 4948 1272 4953 ·
