3725 6050
829 744 1024 817 -22-ζ·

316 899 408 969 nelio
425 898 538 971 Cosso
555 898 720 967 dictatore
734 900 784 967 M.
803 899 974 976 Manlius,
998 897 1086 987 quid
1099 914 1212 990 ageret
1229 915 1266 967 ut
1291 897 1548 988 subterfugeret

314 1037 465 1105 poenam
480 1015 673 1108 quaerebat
687 1035 800 1102 neque
825 1014 1037 1083 inveniebat.
1064 1017 1156 1085 Nam
1173 1037 1194 1082 c<
1206 1036 1270 1083 nec
1284 1015 1454 1082 adversus
1471 1010 1548 1079 dic-

314 1131 472 1201 tatoriam
487 1131 557 1200 vim
573 1148 636 1199 aut
650 1130 783 1200 tribuni
810 1129 920 1220 plebis
941 1150 1003 1199 aut
1019 1130 1093 1221 ipsa
1108 1130 1206 1220 plebs
1235 1130 1394 1199 attollere
1420 1130 1546 1199 oculos

315 1266 374 1318 aut
402 1247 533 1316 hiscere
548 1247 736 1316 audebant.
754 1270 775 1315 s>
788 1246 898 1335 Quod
913 1269 954 1315 eo
970 1269 1077 1315 sensu
1089 1233 1365 1338 intellegendum
1392 1263 1490 1333 patet
1507 1265 1546 1315 ut
1633 1228 1635 1231 ⁵

316 1364 463 1433 dictator
490 1385 608 1454 neque
623 1361 853 1454 appellationi
877 1362 1103 1432 tribunorum
1119 1384 1234 1456 neque
1245 1362 1484 1453 provocationi
1500 1362 1546 1430 ad

314 1480 503 1571 populum,
521 1481 595 1569 lege
612 1477 896 1548 obnoxiusesset.

363 1596 442 1664 Hoc
467 1594 574 1663 etiam
600 1592 697 1662 illius
720 1610 838 1662 tantae
862 1591 1045 1684 potestatis
1075 1593 1327 1663 documentum
1354 1592 1462 1661 habes
1490 1611 1545 1676 ut,

316 1733 408 1781 anno
424 1713 490 1800 372
508 1712 550 1797 (a.
565 1710 584 1779 l
592 1707 689 1800 .·C.),
707 1731 767 1778 eos
783 1708 853 1798 qui,
869 1709 913 1776 ad
927 1710 1106 1778 delectum
1124 1710 1251 1788 vocati,
1276 1709 1429 1797 aliquam
1444 1708 1549 1777 fecis-

316 1844 390 1897 sent
406 1847 557 1905 moram‚
573 1824 676 1916 virgis
690 1825 788 1892 caedi
802 1824 950 1893 dictator
964 1824 1054 1893 illius
1069 1826 1238 1916 temporis
1258 1824 1407 1914 jusserit.

363 1945 396 2011 Α
410 1963 481 2031 qua
496 1962 607 2032 poena
624 1940 708 2031 quia
731 1940 913 2031 provocari
927 1957 1005 2008 tum
1026 1941 1132 2032 vulgo
1147 1946 1295 2031 poterat,
1323 1962 1404 2008 cum
1420 1939 1550 2007 eodem

318 2074 491 2147 tempore,
507 2056 550 2124 de
561 2055 769 2124 coercitione
792 2055 949 2145 corporis
965 2077 1009 2127 ac.
1027 2056 1070 2124 de
1086 2078 1199 2144 poena
1214 2056 1336 2145 rapitis
1357 2055 1496 2137 venisse
1512 2055 1551 2122 in

320 2195 427 2243 usum
442 2171 724 2263 provocationem
741 2172 807 2240 sere
819 2193 941 2240 omnes
954 2172 1179 2240 consentiant
1193 2173 1253 2261 (ι),
1272 2186 1483 2263 argumento
1496 2186 1552 2238 est

318 2291 457 2360 nullum
474 2287 624 2357 omnino
639 2287 746 2356 luisse
760 2305 837 2356 tum
853 2286 988 2355 crimen
1005 2310 1024 2355 a
1041 2310 1115 2378 quo
1131 2288 1172 2356 de
1187 2287 1359 2357 dictatore
1374 2287 1550 2375 populum

319 2404 488 2496 appellari
505 2401 629 2472 liceret.

365 2521 493 2611 Neque
504 2516 766 2608 magislicuisse
789 2517 1049 2609 quinquaginta
1070 2535 1151 2607 post
1164 2518 1461 2608 annis(322)·pro
1476 2539 1550 2584 ma·

320 2635 726 2705 nisestohabendumest.
739 2633 1035 2719 Tumenim‚cum
1052 2634 1100 2723 Q.
1117 2634 1251 2703 Fabius
1265 2632 1454 2716 Maximus,
1472 2657 1550 2705 ma·

319 2752 422 2842 gister
437 2750 615 2841 equitum,
637 2772 656 2817 a
681 2749 822 2840 Papirio
846 2749 1001 2821 Cursore
1021 2749 1184 2818 dictatore
1208 2751 1321 2842 capite
1340 2752 1544 2838 damnatus,

323 2868 474 2935 Romam
488 2863 652 2955 fugisset,
663 2881 830 2955 paterque
843 2865 918 2953 ejus
931 2865 1092 2934 tribunos
1106 2866 1309 2956 appellasset
1324 2885 1427 2957 atque
1442 2883 1551 2960 p'opu·

322 2983 406 3065 lum,
424 2980 586 3051 concione
614 2979 744 3067 habita,
761 2982 972 3051 sententiam
996 2982 1066 3072 ipse
1088 3004 1189 3052 suam
1206 2981 1339 3059 irritam
1357 2983 1468 3054 facere
1487 3009 1552 3055 vo·

322 3098 387 3166 luit
407 3097 581 3184 dictator(
609 3099 631 3183 ).

368 3215 459 3284 Rem
472 3231 592 3282 autem
608 3213 652 3281 ad
667 3235 702 3282 se
717 3213 863 3282 trahunt
892 3213 1038 3301 quidam
1053 3236 1094 3282 ex
1108 3214 1149 3282 iis
1165 3214 1224 3303 qui
1239 3214 1281 3282 de
1295 3215 1404 3305 capite
1418 3215 1553 3287 civium

323 3329 508 3398 dictatores
533 3327 773 3419 provocationi
798 3327 974 3396 obnoxios
998 3329 1103 3398 fuisse
1125 3330 1245 3398 dicunt
1269 3331 1328 3418 (3).
1356 3333 1483 3400 Verum
1507 3334 1553 3423 ita

323 3467 391 3514 non
405 3462 506 3528 recte,
518 3462 555 3512 ut
573 3443 609 3511 in
625 3442 839 3512 contrariam
855 3444 1000 3513 demum
1014 3463 1150 3535 partem
1163 3445 1341 3536 putaveris
1354 3470 1431 3515 esse
1447 3447 1554 3517 inter·

324 3560 543 3651 pretandam,
554 3559 581 3626 si
596 3561 639 3628 ad
655 3559 738 3627 haec
751 3576 891 3627 tantum
908 3561 1081 3629 attendere
1096 3562 1258 3631 volueris,

369 3675 616 3746 Animadverte
632 3675 784 3766 primum
801 3693 961 3744 senatum
985 3693 1066 3744 ante
1082 3678 1300 3768 appellatum
1316 3702 1390 3748 esse
1416 3703 1435 3770 a
1451 3698 1553 3770 patre

326 3791 478 3881 magistri
488 3790 652 3882 equitum
666 3812 769 3879 quam
781 3792 934 3881 populus
945 3793 1188 3882 appellaretur.
1207 3796 1325 3864 Nemo
1337 3812 1456 3864 tamen
1471 3786 1554 3864 inde

326 3892 452 3998 colligit
466 3905 643 3995 provocari
658 3907 699 3975 de
713 3906 879 3974 dictatore
893 3907 937 3974 ad
953 3924 1116 3976 senatum
1133 3908 1270 3978 licitum
1280 3910 1402 3980 fuisse.
1421 3913 1552 4005 Yerum

326 4023 360 4090 id
376 4039 426 4090 est
444 4021 681 4112 colligendum
698 4022 751 4111 jus
776 4044 846 4089 non
872 4021 1041 4091 habuisse
1058 4023 1148 4091 cives
1170 4026 1368 4116 appellandi
1389 4025 1431 4096 de
1446 4027 1556 4096 dicta·

326 4156 399 4206 tore
414 4139 459 4206 ad
474 4138 669 4228 populum;
700 4137 926 4227 perspicuum
945 4155 996 4206 est
1017 4139 1110 4206 enim
1131 4140 1226 4208 hunc
1246 4141 1402 4231 primum
1424 4159 1457 4211 et
1480 4143 1555 4210 sine

327 4253 399 4321 ulla
412 4275 511 4322 mora
521 4253 564 4321 ad
574 4253 743 4343 populum
757 4253 1014 4341 appellaturum
1025 4253 1148 4334 fuisse,
1162 4255 1189 4323 si
1200 4256 1357 4326 licuisset
1368 4259 1553 4348 appellare.

364 4494 405 4566 (t)
428 4493 478 4552 ef.
510 4495 677 4564 Mommsen,
702 4493 890 4562 Maaouaan,
920 4496 1076 4550 Kadosia:
1100 4496 1223 4552 Manuel
1248 4498 1297 4553 des
1316 4498 1476 4572 Antiquitas
1494 4501 1557 4556 Ro-

329 4566 446 4633 maim,
464 4564 543 4623 trad.
562 4582 634 4619 sous
651 4563 680 4619 la
705 4564 854 4620 direction
873 4566 909 4620 de
926 4566 961 4620 G.
982 4567 1142 4634 Humbert,
1157 4580 1238 4623 rome
1253 4570 1306 4638 ΙΙΙ,
1321 4588 1350 4642 p.
1370 4572 1433 4628 188.
1454 4572 1556 4628 Prima

330 4650 444 4709 septem
458 4635 547 4709 hujus
561 4634 661 4708 operis
675 4635 840 4705 volumina,
856 4654 933 4707 quae
949 4639 987 4693 ad
1005 4639 1051 4705 jus
1063 4637 1219 4710 publicum
1233 4658 1392 4695 romanum
1406 4656 1557 4715 spectant,

330 4707 450 4781 scripsit
462 4707 653 4774 Mommsem,
666 4719 694 4761 et
710 4706 741 4760 ln
756 4720 894 4762 nostrum
910 4725 1080 4764 sermonem
1095 4710 1244 4766 convertit
1258 4712 1291 4767 F.
1309 4710 1428 4770 Girard.

366 4783 405 4847 (2)
420 4777 487 4833 Trr.
504 4778 581 4847 Lrv.‚
595 4778 677 4843 VIII,
693 4777 794 4834 33-35.

365 4850 403 4922 (3)
420 4850 463 4904 lta
480 4848 609 4904 Carolus
626 4849 746 4922 Maynz,
761 4848 879 4924 op.cit.‚
894 4850 917 4917 1,
934 4868 964 4923 p.
983 4867 1045 4922 1¹9·
