3725 6050
298 982 463 1055 triumvir
486 980 625 1068 exstitit,
647 998 804 1070 patruus.
832 980 992 1052 Coitione
1015 1002 1096 1048 curn
1120 980 1188 1048 isto
1211 979 1312 1057 facta,
1329 979 1527 1049 faventibus

299 1101 404 1171 etiam
417 1100 547 1171 Crasso
562 1096 749 1168 etCaesare
760 1097 1072 1187 cumpopularibus
1084 1096 1218 1165 cunctis
1227 1095 1528 1178 hominibus,c0n·

276 1216 429 1286 -fidebat
452 1213 602 1286 Catilina
625 1214 698 1281 fore
725 1230 763 1281 ut
791 1215 907 1281 omnia
937 1236 978 1282 ex
1006 1212 1181 1281 sententia
1206 1212 1439 1281 succederent.
1464 1211 1528 1282 Sin

299 1334 409 1420 aliter,
423 1332 517 1400 fama
532 1347 605 1399 erat
628 1352 711 1397 eum
732 1347 897 1419 paratum
916 1352 990 1397 esse
1011 1329 1056 1397 ad
1072 1329 1121 1414 id,
1147 1329 1241 1419 quod
1262 1328 1431 1419 petitione
1446 1351 1529 1397 con·

299 1447 401 1540 sequi
419 1470 490 1516 non
505 1446 690 1537 potuisset,
704 1445 838 1515 artibus
853 1446 955 1514 malis
973 1462 1007 1513 et
1020 1445 1054 1513 vi
1067 1446 1370 1537 consequendum.

347 1565 430 1657 Quo
444 1585 584 1633 rumore
595 1562 774 1647 commoti,
789 1563 910 1630 Patres
921 1560 1105 1651 conscripti
1115 1562 1229 1651 legem
1240 1561 1528 1630 ferendamcura-

301 1698 396 1766 runt,
406 1703 477 1771 qua
490 1678 644 1748 ambitus
657 1677 810 1747 severius
820 1678 1051 1747 cohiberetur.
1063 1675 1209 1746 Obstitit
1220 1677 1361 1746 Mucius
1374 1677 1528 1759 Orestes,

300 1797 464 1867 tribunus
481 1794 603 1886 plebis.
621 1797 714 1863 Tum
736 1793 874 1880 Cicer0,
889 1794 957 1884 jam
973 1811 1056 1885 toga
1081 1793 1230 1862 candida
1253 1816 1349 1862 more
1365 1794 1530 1863 candida·

300 1930 418 1984 torum
431 1912 592 1993 induem,
609 1910 844 1980 vehementem
859 1910 894 1978 in
910 1910 1008 1979 curia
1024 1910 1216 1979 orationem
1231 1927 1354 1979 contra
1370 1909 1532 1979 Mucium

303 2029 465 2100 Orestem
486 2026 621 2108 habuit,
652 2049 767 2119 neque
791 2026 964 2097 Catilinae
988 2027 1150 2116 pepercit,
1173 2026 1221 2094 ita
1247 2026 1533 2116 patefactis-ejus

302 2145 523 2231 facinoribus,
540 2160 581 2211 ut
595 2142 698 2212 simul
711 2166 782 2211 non
798 2144 998 2211 Antonium
1009 2160 1163 2225 tantum,
1181 2143 1239 2210 sed
1254 2143 1359 2211 etiam
1372 2143 1533 2212 factionis

301 2261 484 2352 popularis
497 2259 686 2351 principes,
706 2258 823 2328 verbis
836 2258 984 2327 austeris
1000 2276 1031 2327 et
1046 2258 1263 2349 gravissimis
1279 2259 1374 2327 haud
1390 2260 1534 2328 obscure
1636 2314 1638 2318 .
1699 2267 1701 2272 '

304 2394 431 2469 peteret
452 2378 517 2465 (1).
547 2376 649 2445 Favit
684 2392 762 2443 tum
791 2392 933 2444 senatus
959 2374 1120 2464 petitioni
1150 2374 1328 2445 Ciceronis
1357 2398 1420 2465 pro
1446 2398 1531 2466 qu0,

304 2516 395 2562 novo
410 2492 563 2576 homine,
580 2509 680 2561 antea
694 2490 875 2560 dubitabat
895 2490 981 2581 quin
997 2508 1116 2559 staret.
1165 2555 1171 2566 ,

351 2608 522 2679 Oratione
536 2607 595 2676 illa
608 2607 703 2699 gravi
716 2606 855 2695 omissa,
865 2623 1041 2676 memorat
1051 2605 1233 2677 Sallustius
1245 2607 1364 2675 Patres
1377 2629 1419 2675 eo
1434 2608 1534 2676 vehe-

305 2742 439 2795 menter
459 2748 532 2793 esse
554 2741 759 2810 commotos,
774 2724 868 2809 quod
896 2723 1032 2809 Fulvia,
1050 2721 1159 2811 Curii,
1175 2722 1237 2811 qui
1258 2722 1294 2790 in
1314 2746 1354 2791 ea
1374 2724 1534 2813 conjura·

303 2842 398 2911 tione
413 2858 495 2924 erat,
520 2840 641 2922 amica,
661 2839 874 2909 narravisset
888 2838 1130 2931 compluribus
1155 2859 1244 2929 quae
1260 2861 1405 2931 quoque
1428 2841 1535 2909 modo

307 2960 350 3028 de
369 2957 539 3029 Catilinae
556 2955 794 3047 conjuratione
809 2955 1013 3027 audivisset.
1023 2977 1044 3024 c<
1062 2957 1114 3026 Ea
1129 2977 1184 3023 res
1204 2954 1237 3023 in
1254 2955 1395 3046 primis,
1412 2956 1534 3047 inquit,

305 3074 422 3144 studia
432 3073 616 3144 bominum
632 3074 790 3142 accendit
802 3074 1078 3164 adconsulatum
1089 3072 1331 3143 mandandum
1344 3076 1395 3143 M.
1411 3074 1534 3142 Tullio

307 3189 464 3262 Ciceroni
482 3192 549 3281 (2).
568 3214 586 3258 r>
918 3198 922 3207 '

351 3306 513 3378 Comitiis
534 3306 637 3396 igitur
653 3306 792 3391 habitis,
808 3306 974 3375 declarati
991 3324 1074 3375 sunt
1094 3310 1269 3393 consules,
1285 3307 1409 3378 Cicero
1423 3305 1535 3396 pluri-

307 3422 375 3492 mis
398 3422 578 3514 suffragiis,
600 3421 778 3492 Antonius
804 3422 934 3512 majore
960 3445 1124 3510 numer0,
1139 3423 1187 3493 ita
1208 3441 1325 3492 tamen
1353 3440 1390 3492 ut
1414 3421 1535 3512 paucis

305 3556 443 3608 tantum
454 3539 569 3622 minor
583 3538 734 3610 Catilina
750 3539 896 3607 caderet.

353 3654 463 3744 Quod
481 3655 536 3723 hic
557 3654 744 3747 aegerrime
758 3653 881 3732 serens,
901 3671 979 3722 tum
992 3655 1046 3722 sui
1061 3676 1138 3723 esse
1149 3635 1291 3724 consilii
1303 3656 1484 3746 profitetur
1500 3674 1536 3725 ut

307 3770 342 3840 in
372 3770 514 3840 comitiis
539 3771 622 3839 anni
651 3771 825 3861 sequentis
848 3771 1007 3862 (at-691)
1034 3773 1251 3840 consulatum
1277 3789 1382 3862 petat,
1399 3789 1475 3840 tum
1490 3773 1536 3842 ad

302 3874 475 3976 'patranda
496 3885 669 3972 facinora,
686 3888 814 3977 majore
831 3887 938 3955 etiam
953 3908 1058 3974 quam
1075 3905 1177 3956 antea
1201 3887 1329 3972 studio,
1344 3911 1379 3956 se
1402 3890 1537 3956 occulte
1634 3880 1644 3899 ”
1665 3873 1667 3877 ’

241 4001 245 4014 ²
309 4020 420 4094 parat.
437 4004 574 4072 Multos
590 4002 737 4098 assumit
753 4003 787 4071 in
801 4003 999 4072 societatem
1014 4003 1169 4086 sceleris,
1188 4003 1393 4074 Cornelium
1411 4006 1538 4072 Lentu-

309 4120 383 4187 lum
414 4119 555 4199 Suram,
579 4137 782 4209 praetorem
809 4119 1044 4210 designatum,
1066 4118 1274 4210 Cethegum,
1302 4121 1344 4188 L.
1372 4119 1536 4191 Cassium

310 4236 528 4327 Longinum,
540 4234 722 4306 Ciceronis
738 4235 1013 4326 competitorem,
1027 4235 1064 4303 in
1080 4235 1216 4304 ratione
1228 4235 1418 4325 petitionis,
1432 4236 1538 4306 alios·

312 4374 381 4443 que
397 4351 561 4420 homines
577 4352 622 4421 ad
636 4351 836 4420 audendum
852 4351 1036 4442 projectos.

347 4601 389 4684 (ι)
411 4602 541 4657 Exstant
556 4600 639 4656 illius
658 4601 805 4658 orationis
822 4600 959 4673 reliquiae
975 4601 1078 4657 multae
1103 4619 1171 4657 cum
1187 4602 1431 4659 enarrationibus
1452 4602 1539 4658 valde

312 4672 439 4728 utrlibus
459 4672 603 4743 Asconii;
620 4674 694 4728 haec
710 4672 857 4728 orationis
881 4672 1040 4745 inscriptio
1062 4686 1133 4728 est:
1155 4673 1200 4731 M.
1228 4673 1320 4729 Tullii
1344 4676 1487 4730 Ciceronis
1509 4679 1538 4729 in

311 4753 411 4800 senatu
436 4742 464 4799 in
486 4754 555 4821 toga
572 4744 696 4800 candida
716 4755 817 4800 contra
835 4745 868 4801 C.
887 4744 1046 4799 Antonium
1061 4754 1089 4799 et
1109 4744 1145 4799 L.
1161 4745 1317 4801 Catilinam
1333 4746 1538 4818 competitores.

312 4815 349 4872 V.
374 4815 550 4871 Koetschau
567 4833 574 4870 z
593 4817 637 4873 De
658 4817 703 4872 M.
731 4815 824 4871 Tullii
845 4814 989 4873 Ciceronis
1006 4816 1135 4872 oratione
1149 4816 1177 4871 in
1203 4827 1271 4894 toga
1289 4818 1411 4873 candida
1433 4818 1537 4885 habita,

313 4885 446 4960 Lipsiae,
467 4887 550 4945 1880.

349 4957 387 5030 (2)
403 4956 509 5031 catil,
527 4959 639 5020 XXIII.
