3725 6050
714 912 728 931 .,
777 827 1046 936 ..e-69>-

334 999 438 1070 aliam
459 1000 567 1070 fuisse
593 1017 829 1100 opportunam
852 1024 1005 1092 poenam
1031 1004 1098 1073 nisi
1128 1027 1220 1096 quae
1245 1005 1333 1084 foret
1359 1005 1561 1097 gravissima

335 1139 499 1208 quaeque
534 1133 629 1186 extra
665 1117 823 1187 ordinem
858 1118 1057 1205 inferretur,
1089 1120 1253 1211 denique,
1288 1139 1326 1190 ut
1360 1144 1452 1213 quae
1481 1138 1561 1191 tum

321 1232 485 1302 facienda
517 1250 615 1303 erant
642 1233 782 1317 faceret,
810 1256 890 1303 vera
926 1234 1037 1303 animi
1066 1235 1271 1305 fortitudine
1304 1258 1394 1326 opus
1421 1234 1560 1308 consuli

332 1346 450 1417 fuisse.

529 1581 557 1650 l.
583 1620 627 1633 —
653 1582 769 1673 Qum
786 1580 991 1674 periculosa
1005 1581 1128 1673 fuerit
1150 1582 1389 1670 conjuratio..

379 1827 407 1871 1.
441 1804 523 1873 Non
557 1804 683 1873 leviora
703 1805 876 1892 quaedam
908 1806 1171 1875 meditabantur
1199 1805 1366 1894 conjurati
1394 1807 1455 1875 sed
1475 1829 1557 1898 gra-

328 1917 398 2003 via,
413 1919 580 2005 nefanda,
597 1920 741 1989 atrocia.

373 2033 464 2105 Cum
480 2035 572 2105 enim
589 2037 811 2104 consulatum
832 2037 985 2106 ambiret
1005 2036 1171 2119 Catilina,
1189 2060 1305 2128 neque
1326 2037 1381 2107 via
1400 2038 1558 2128 legitima

327 2172 397 2240 quo
410 2150 568 2220 tenderet
580 2151 760 2242 pervenire
774 2168 910 2242 posset.
927 2151 962 2220 vi
978 2152 1122 2242 eripere,
1141 2154 1237 2243 quod
1249 2152 1373 2222 frustra
1386 2154 1552 2243 petiisset,

325 2282 440 2334 mente
467 2283 644 2335 statuerat.
668 2268 764 2336 Tum
796 2294 811 2328 «
842 2266 1044 2357 agitabatur
1071 2267 1187 2360 magis
1213 2268 1395 2360 magisque
1421 2268 1457 2337 in
1481 2268 1555 2338 dies

326 2382 466 2451 animus
482 2381 576 2449 ferox
596 2381 718 2473 inopia
735 2382 783 2451 rei
796 2381 982 2451 familiaris
1003 2400 1036 2451 et
1054 2383 1268 2452 conscientia
1283 2385 1452 2452 scelerum
1465 2407 1557 2474 quae

326 2515 469 2586 utraque
489 2497 539 2566 eis
562 2497 698 2566 artibus
720 2514 873 2583 auxerat,
893 2521 983 2588 quas
1005 2520 1109 2588 supra
1128 2498 1335 2567 memoravi.
1358 2498 1556 2569 Incitabant
1705 2535 1708 2546 ·

324 2630 498 2703 praeterea
513 2613 669 2703 corrupti
686 2613 839 2682 civitatis
853 2636 972 2682 mores
986 2636 1075 2703 quos
1091 2613 1245 2704 pessima
1258 2636 1298 2683 ac
1311 2614 1450 2683 divorsa
1463 2614 1555 2684 inter

324 2752 360 2797 se
375 2730 477 2816 mala,
490 2728 630 2797 luxuria
643 2747 749 2820 atque
763 2728 920 2808 avaritia,
937 2730 1109 2798 vexabant
1126 2733 1183 2818 (ι).
1201 2756 1217 2792 »

368 2845 490 2934 Neque
514 2844 574 2925 illi,
595 2845 721 2934 quibus
743 2844 963 2933 adjutoribus
984 2847 1038 2913 vel
1063 2846 1169 2914 etiam
1189 2844 1315 2926 amicis
1332 2846 1504 2927 utebatur,
1527 2844 1554 2934 ii,

321 2977 416 3029 erant
440 2959 500 3052 qui
522 2959 681 3030 incendio
697 2977 759 3030 aut
773 2961 875 3030 caede
896 2961 1142 3031 abhorrerent.
1160 2962 1296 3031 lterum
1318 2961 1402 3031 audi
1423 2960 1553 3032 Sallus·

323 3076 433 3145 tium:
455 3079 527 3146 ‹vln
542 3094 640 3153 tanta
654 3094 799 3168 tamque
822 3094 988 3166 corrupta
1003 3077 1158 3155 civitate,
1180 3076 1215 3145 id
1231 3077 1327 3168 quod
1343 3065 1439 3146 factu
1455 3077 1551 3146 facil·

322 3192 460 3263 lumum
481 3208 564 3274 erat,
590 3192 745 3260 omnium
768 3192 979 3283 flagitiorum
1001 3209 1106 3283 atque
1132 3191 1328 3260 facinorum
1353 3192 1485 3260 circum
1513 3216 1550 3261 se

322 3324 491 3397 tanquam
506 3307 719 3399 stipatorum
733 3324 890 3376 catervas
905 3307 1072 3377 habebat.
1090 3309 1183 3375 Nam
1205 3306 1419 3396 quicumque
1439 3307 1552 3398 impu-

320 3422 431 3507 dicus,
444 3423 596 3505 adulter,
615 3446 768 3515 ganeo..
784 3423 878 3492 bona
891 3423 1003 3512 patria
1017 3422 1244 3507 laceraverat,
1256 3421 1551 3510 quiquealienum

319 3561 380 3608 aes
415 3539 544 3630 grande
583 3538 803 3620 conflaverat,
841 3561 912 3627 quo
953 3537 1126 3629 flagitium
1167 3555 1230 3607 aut
1276 3536 1415 3605 facinus
1461 3538 1552 3607 redi·

319 3670 441 3730 meret;
464 3670 644 3744 praeterea
668 3676 788 3722 omnes
811 3653 968 3742 undique
989 3652 1197 3743 parricidae,
1214 3653 1379 3745 sacrilegi,
1402 3653 1549 3722 convicti

320 3768 457 3858 judiciis
480 3786 543 3838 aut
567 3792 629 3860 pro
655 3770 755 3839 factis
774 3769 941 3859 judicium
964 3769 1136 3856 timentes,
1149 3768 1194 3837 ad
1216 3769 1290 3856 hoc,
1310 3792 1401 3860 quos
1421 3791 1550 3837 manus

318 3902 421 3974 atque
435 3885 554 3977 lingua
565 3885 719 3976 perjurio
731 3903 791 3954 aut
804 3885 975 3976 sanguine
986 3884 1076 3953 civili
1088 3884 1225 3968 alebat3
1238 3887 1413 3974 postremo
1426 3906 1548 3953 omnes

318 4022 409 4090 quos
433 4000 614 4091 flagitium,
637 4018 784 4093 egestas,
807 4000 970 4069 conscius
993 4000 1134 4068 animus
1161 3998 1371 4089 exagitabat.
1398 3999 1429 4068 ei
1452 3998 1547 4070 Cati·

317 4115 403 4184 linae
428 4117 587 4206 proxumi
616 4116 873 4206 familiaresque
898 4134 1040 4185 erant...
1065 4114 1135 4186 Sed
1157 4111 1375 4204 juventutem
1396 4137 1543 4207 quam...

315 4229 497 4314 inlexerat,
514 4231 638 4301 multis
653 4231 765 4300 modis
785 4232 876 4300 mala
901 4231 1054 4299 facinora
1073 4231 1282 4300 edocebat...
1301 4230 1339 4302 Si
1351 4253 1459 4300 causa
1471 4253 1549 4321 pec·
1572 4260 1577 4273 ·

316 4346 417 4414 candi
442 4345 478 4414 in
506 4369 673 4436 praesens
704 4345 825 4414 minus
861 4346 1079 4436 subpetebat,
1111 4346 1222 4415 nihilo
1248 4346 1363 4414 minus
1396 4347 1546 4415 insontis

316 4461 418 4531 sicuti
435 4462 542 4530 sontis
561 4460 833 4546 circumvenire,
851 4461 1027 4552 jugulare3
1049 4461 1187 4545 scilicet,
1205 4483 1247 4529 ne
1268 4484 1327 4552 per
1344 4461 1453 4530 otium
1474 4478 1545 4530 tor·

235 4564 238 4569 ¹
316 4594 498 4668 pescerent
511 4599 640 4647 manus
660 4594 720 4647 aut
741 4576 892 4660 animus,
914 4577 1067 4668 gratuito
1081 4576 1200 4667 potius
1215 4578 1329 4645 malus
1344 4593 1448 4667 atque
1468 4597 1544 4644 cru-

314 4692 399 4761 delis
419 4709 492 4761 erat
511 4693 568 4780 (a).
588 4719 605 4756 »

350 4880 391 5025 (tp
411 4880 564 4937 Sarrusr.
580 4878 680 4947 cavit,
696 4880 733 4940 V.

349 4952 376 5024 (ι
405 4950 683 5023 catvt.,xrv-xv1.
