3725 6050
827 835 1025 931 ..45-

360 985 509 1056 Nullum
530 983 634 1077 igitur
654 1007 694 1054 ex
721 984 787 1054 ista
815 983 1026 1077 profectione
1050 1001 1170 1053 contra
1198 1006 1279 1053 eum
1315 984 1410 1054 sumi
1437 961 1537 1056 decet

314 1118 569 1194 argumentum.
1487 1178 1490 1183 ,

359 1217 533 1289 Sententia
559 1234 691 1304 autem,
717 1239 737 1286 a
763 1220 892 1309 populo
919 1218 1089 1287 adversus
1119 1218 1336 1288 exsulantem
1361 1217 1466 1301 dicta,
1494 1219 1538 1289 ab

313 1334 436 1403 eodem
448 1335 591 1425 populo,
607 1356 692 1404 mox
705 1333 919 1404 contrariam
935 1334 1145 1404 sententiam
1164 1333 1306 1415 ferente,
1324 1334 1370 1404 ita
1390 1334 1538 1405 rescissa

314 1450 551 1541 subversaque
572 1450 735 1521 habenda
757 1469 810 1520 est
832 1468 869 1521 ut
894 1450 1032 1521 sublata
1054 1473 1130 1520 esse
1152 1449 1322 1541 quasique
1344 1472 1539 1543 numquam

313 1564 416 1637 fuerit
427 1566 501 1655 jure
511 1567 711 1659 meritoque
725 1566 901 1637 videatur.

357 1683 508 1753 Adverte
527 1682 634 1753 etiam
647 1682 800 1774 priorem
821 1682 1028 1753 sententiam
1042 1706 1083 1753 eo
1098 1683 1205 1752 modo
1224 1682 1330 1752 fuisse
1353 1683 1464 1752 latam
1486 1700 1537 1768 ut,

315 1799 423 1870 rebus
448 1799 606 1883 turbatis,
635 1801 732 1889 quod
759 1800 861 1869 veliet
887 1798 1049 1887 Clodius,
1076 1798 1182 1869 homo
1208 1816 1283 1869 tum
1310 1798 1538 1890 popularibus

309 1914 588 2007 acceptissimus,
607 1914 643 1985 id
654 1915 855 2001 multitudo,
868 1937 972 1985 caeco
995 1916 1140 2007 impetu,
1165 1932 1297 2009 ageret,
1313 1916 1539 2006 posteriorem

314 2054 410 2118 vero,
434 2049 594 2124 tempore
619 2033 665 2101 ad
698 2033 997 2103 considerandum
1023 2032 1118 2118 dato,
1147 2055 1220 2102 uno
1250 2035 1350 2123 quasi
1381 2033 1538 2102 omnium

314 2148 478 2241 suffragio
494 2171 567 2218 esse
582 2150 861 2240 pronuntiatam.

360 2267 483 2355 Neque
507 2287 561 2334 res
586 2265 713 2334 minori
737 2265 880 2335 laetitiae
903 2266 972 2337 fuit
1000 2265 1123 2337 Italiae
1149 2288 1253 2355 quam
1280 2266 1381 2337 Urbi.
1405 2268 1538 2338 Narrat

313 2380 404 2451 enim
419 2381 629 2452 Plutarchus
645 2382 783 2451 nullam
801 2381 911 2453 fuisse
931 2382 1106 2453 civitatem
1126 2405 1229 2472 quae,
1248 2404 1381 2474 magno
1396 2400 1540 2452 cuncto-

314 2520 394 2567 rum
409 2497 538 2567 civium
556 2498 685 2589 plausu
706 2516 809 2589 atque
826 2499 968 2591 gaudio,
989 2498 1148 2569 redeunti
1167 2498 1286 2567 Tullio
1307 2498 1448 2569 obviam
1469 2521 1538 2569 non

316 2613 390 2697 iret,
413 2612 460 2683 ita
483 2612 628 2703 quidem
657 2632 696 2686 ut
724 2615 812 2685 veris
840 2615 980 2685 minora
1006 2616 1080 2707 ipse
1110 2614 1248 2697 diceret,
1271 2636 1352 2683 cum
1375 2614 1539 2705 deinceps

315 2730 420 2799 totius
448 2729 570 2800 ltaliae
594 2731 692 2820 quasi
722 2730 877 2801 humeris
913 2748 1126 2814 sustentum‚
1150 2753 1187 2799 se
1221 2732 1373 2801 Romam
1398 2730 1539 2801 rediisse

316 2846 532 2937 profiteretur
542 2849 598 2934 (1).
611 2849 726 2916 Immo
743 2847 801 2917 ubi
818 2849 943 2917 urbem
953 2847 1017 2916 suit
1030 2848 1311 2939 ingressurus,ne
1320 2847 1391 2939 ipse
1399 2847 1540 2937 quidem

315 2961 482 3033 abstinuit
507 2962 674 3050 Crassus,
701 2963 761 3056 qui
788 2963 816 3034 ei
845 2963 1111 3034 inimicissimus
1135 2963 1262 3049 fuerat,
1287 2962 1479 3056 quominus
1507 2963 1539 3034 ei

316 3096 512 3150 occurreret
524 3080 666 3150 honoris
678 3103 796 3150 causa.

303 3260 306 3265 ,
359 3196 558 3289 Videbatur,
570 3197 674 3289 igitur
693 3198 820 3267 nemini
844 3215 931 3269 recte
951 3198 1219 3282 condemnatus,
1237 3197 1400 3266 omnibus
1420 3215 1540 3268 contra

317 3311 364 3382 ita
393 3313 526 3403 injuste
548 3331 704 3399 vexatus,
728 3331 767 3382 ut
793 3338 828 3384 se
852 3337 935 3406 erga
957 3337 1037 3384 eum
1060 3330 1157 3407 grato
1180 3335 1256 3382 esse
1281 3314 1397 3383 animo
1421 3314 1540 3385 decere

316 3428 580 3515 arbitrarentur,
597 3432 725 3500 nedum
740 3431 835 3522 quod
850 3431 972 3522 egisset
987 3430 1133 3520 objicere
1149 3430 1291 3500 vellent.

362 3547 484 3638 Itaque
498 3545 554 3615 hic
569 3547 678 3618 habes
691 3547 774 3636 quid
790 3548 832 3616 de
848 3547 1113 3637 coniuratorum
1125 3569 1207 3616 nece
1218 3544 1364 3616 senserit
1373 3546 1538 3637 populus,

315 3683 397 3730 cum
410 3661 523 3732 factus
538 3681 628 3732 esset
645 3662 751 3733 animi
766 3686 910 3753 compos
925 3663 1063 3755 sibique
1078 3663 1141 3733 soli
1153 3680 1300 3754 pareret.

362 3780 453 3871 Ergo
470 3780 726 3871 opponentibus
744 3779 898 3849 actiones
917 3779 1091 3870 quasdam
1110 3796 1228 3849 contra
1248 3802 1308 3849 eos
1324 3778 1433 3848 fuisse
1449 3801 1540 3848 exer·

315 3893 411 3981 citas,
435 3895 494 3988 qui
518 3898 820 3966 senatusconsulto
847 3896 971 3967 ultimo
1007 3895 1063 3966 usi
1100 3913 1228 3980 essent,
1253 3895 1539 3988 respondendum

315 4011 490 4102 putaveris
527 4011 658 4082 mirum
694 4030 787 4084 certe
823 4035 894 4082 non
931 4012 1052 4093 fuisse,
1088 4035 1180 4095 cum,
1211 4011 1340 4081 studiis
1378 4011 1539 4081 civilibus

317 4126 486 4209 accensis,
516 4128 735 4198 adversarios
760 4129 947 4215 adversarii
975 4152 1054 4199 reos
1081 4128 1208 4221 quovis
1241 4130 1351 4198 modo
1378 4128 1538 4213 facerent,

317 4261 420 4332 atque
450 4245 555 4314 verbo
582 4262 616 4314 et
640 4244 745 4314 malis
774 4246 923 4330 artibus,
952 4245 1053 4334 vique
1082 4245 1277 4338 aliquando
1307 4262 1473 4332 curarent
1502 4262 1541 4314 ut

315 4359 538 4430 condemnati
561 4361 768 4431 tollerentur
789 4362 832 4431 de
856 4361 917 4431 illo
941 4379 1089 4454 angusto
1114 4362 1236 4431 itinere
1262 4360 1479 4446 ambitionis,
1504 4360 1540 4428 in

317 4498 390 4567 quo
419 4477 596 4546 Lucretius
631 4494 705 4547 tam
742 4479 871 4547 multos
898 4478 1073 4548 luctantes
1108 4494 1141 4548 et
1176 4478 1345 4569 sanguine
1376 4477 1540 4546 sudantes

316 4590 437 4662 viderit
460 4594 515 4682 (a).
536 4595 576 4664 ln
601 4593 777 4684 republica
793 4593 851 4664 illa
878 4595 1083 4664 turbulenta
1100 4594 1129 4662 is
1146 4595 1209 4664 fuit
1238 4593 1426 4663 accusandi
1441 4592 1541 4661 furor

353 4842 391 4915 (ι)
414 4843 603 4915 ΡιυτΛιιεΗ.,
629 4844 701 4914 Οἷα,
723 4845 864 4901 ΧΧΧΙΙΙ.
886 4876 921 4892 -
942 4845 989 4902 Ci.
1013 4844 1172 4902 Ciceronis
1195 4843 1290 4917 ipsius
1316 4839 1486 4898 orationem
1507 4842 1540 4900 in

318 4925 425 4970 senatu
438 4913 573 4970 habitam
583 4927 653 4990 post
665 4916 798 4987 reditum,
816 4916 883 4974 XV.

351 4986 394 5057 (a)
407 4984 453 5041 De
465 4985 585 5042 Natura
599 5003 705 5059 rerum,
724 4988 762 5059 V,
781 4989 865 5044 1126.
