3725 6050
766 1238 938 1311 CAPUT
964 1240 1014 1307 IV

354 1486 395 1531 DE
419 1485 532 1531 SUMMA
557 1479 769 1531 DICTATORUM
791 1485 854 1530 VEL
879 1486 913 1532 IN
937 1484 1030 1530 ClVES
1053 1484 1209 1531 ROMANOS
1233 1485 1424 1532 POTESTATE

321 1739 534 1808 Ponendum
550 1756 635 1827 puto
653 1737 816 1805 dictatori
836 1759 1010 1805 summam
1029 1737 1135 1805 fuisse
1156 1737 1375 1826 judiciariam
1395 1739 1501 1807 etiam

274 1856 308 1923 in
332 1856 421 1922 cives
446 1870 652 1945 potestatem
675 1853 753 1921 belli
775 1853 958 1943 domique,
983 1875 1097 1942 neque
1118 1876 1200 1921 eum
1218 1838 1323 1921 luisse
1337 1877 1356 1923 a
1372 1854 1502 1944 quoad

275 1972 445 2061 populum
473 1986 736 2061 provocaretur.
761 1968 870 2057 Quod
898 1986 937 2037 ut
960 1969 1177 2051 confirmem,
1205 1968 1319 2038 allatis
1343 1968 1501 2059 primum

274 2085 503 2177 argumentis,
518 2082 717 2152 adversaria
731 2084 851 2151 deinde
866 2100 1016 2152 evertere
1032 2084 1189 2153 tentabo

595 2336 623 2403 Ι.
651 2372 695 2386 -
716 2334 934 2425 Afferuntur
958 2344 1180 2423 argumenta.

321 2557 483 2625 Primum
510 2574 616 2625 testes
651 2556 701 2624 rei
731 2556 902 2624 habemus
936 2556 1120 2646 scriptores
1146 2556 1322 2647 antiquos.
1356 2555 1501 2644 Scripsit

264 2674 365 2742 enim
382 2672 487 2741 Titus
505 2672 627 2741 Livius
649 2674 698 2760 (t)
716 2696 723 2740 :
744 2698 760 2736 u
777 2674 903 2761 Neque
918 2671 1118 2763 provocatio
1132 2690 1204 2739 erat
1226 2674 1257 2759 (a
1271 2672 1446 2757 dictatore)
1467 2699 1500 2755 »,
1543 2737 1545 2746 ,

264 2807 307 2858 ‚et
327 2789 431 2878 paulo
451 2788 566 2857 infra:
596 2816 612 2852 «
642 2789 868 2869 Dictatorem‚
887 2810 996 2878 aquo
1017 2787 1220 2878 provocatio
1242 2809 1311 2856 non
1330 2804 1394 2873 est,
1409 2809 1502 2856 cree-

275 2926 365 2972 mus.
379 2930 395 2967 u
416 2906 457 2973 ln
480 2904 569 2973 libro
591 2903 695 2972 etiam
711 2904 871 2995 sequenti
886 2903 1037 2995 legimus
1054 2931 1070 2966 «
1087 2904 1160 2972 sine
1173 2903 1418 2994 provocatione
1431 2902 1501 2971 dic·

273 3037 424 3118 taturam
450 3044 521 3088 esse
546 3048 561 3083 u
591 3023 646 3108 (a).

264 3200 267 3204 ,
319 3140 441 3226 Neque
456 3136 551 3204 aliter
572 3136 795 3226 Pomponius
820 3136 925 3204 sensit
949 3138 991 3204 de
1005 3136 1251 3220 dictatoribus,
1271 3164 1287 3200 «
1314 3159 1333 3204 a
1357 3136 1500 3229 quibus,

274 3252 401 3342 inquit,
420 3273 483 3319 nec
502 3250 713 3340 provocandi
727 3253 780 3339 jus
798 3250 862 3319 fuit
877 3268 910 3319 et
933 3251 1063 3343 quibus
1079 3252 1184 3320 etiam
1205 3251 1327 3342 capitis
1348 3250 1500 3320 animad-

274 3367 387 3436 versio
400 3369 482 3435 data
496 3383 545 3434 est
560 3392 575 3429 >i
592 3369 650 3455 (3).

319 3483 417 3550 Haec
442 3502 556 3550 autem
580 3505 689 3568 quarn
710 3506 791 3553 vera
816 3482 882 3551 sint
907 3483 1014 3552 verba
1040 3506 1080 3551 ex
1102 3483 1207 3550 rebus
1232 3482 1315 3570 ipsis
1341 3497 1501 3550 constare

273 3599 441 3667 enixurus
456 3599 548 3688 Jsum
563 3614 602 3666 ut
623 3618 796 3688 ,procerto
819 3600 960 3669 habeas.
977 3603 1085 3667 Anno
1107 3598 1200 3667 enim
1219 3598 1288 3684 436
1307 3601 1349 3685 (a.
1368 3598 1387 3666 J
1394 3597 1499 3683 .·C.).,

272 3736 342 3782 non
367 3714 435 3782 alio
449 3714 594 3782 consilio
609 3733 744 3784 creatus
771 3733 821 3783 est
845 3714 995 3783 dictator
1016 3713 1207 3803 Quinctius
1227 3713 1292 3782 nisi
1314 3732 1351 3781 ut
1375 3735 1501 3781 consu-

273 3804 362 3899 libus
382 3853 421 3898 eo
446 3831 670 3899 antecelleret
693 3832 791 3921 quod
815 3830 961 3899 minime
979 3829 1066 3899 foret
1089 3857 1105 3893 «
1126 3829 1339 3898 constrictus
1362 3829 1500 3920 legibus

274 3946 316 4014 de
331 3946 608 4036 provocatione»
627 3946 683 4033 (3).
1006 4011 1009 4015 .

319 4061 454 4160 Eadem
483 4060 553 4129 fere
568 4078 695 4144 aetate,
712 4084 796 4130 cum
822 4060 1034 4151 deprehendi
1055 4061 1172 4148 jussus
1189 4077 1276 4129 esset
1292 4060 1336 4127 ab
1352 4063 1396 4129 A.
1415 4043 1502 4130 Cor·
1593 4109 1595 4113 -

272 4310 397 4385 patebit,
412 4323 446 4367 ut
462 4310 537 4365 mihi
553 4309 677 4383 quidem
693 4311 823 4382 videtur,
845 4309 1019 4382 Polybium,
1041 4328 1110 4365 cum
1130 4310 1214 4365 nulla'
1234 4308 1448 4381 jurisdictione
1468 4308 1499 4364 in

273 4383 373 4438 causis
398 4400 432 4437 ca
456 4381 592 4451 italibus,
616 4381 674 4437 nisi
696 4382 733 4437 de
749 4381 856 4454 populi
880 4380 1030 4436 sententia
1049 4382 1221 4453 praeditum
1241 4380 1335 4435 fuisse
1361 4393 1500 4435 senatum

272 4466 377 4526 ponat,
395 4400 453 4508 vel
458 4470 569 4520 errare,
585 4453 643 4522 vel,
659 4453 742 4524 quod
757 4452 951 4525 probabilius
971 4452 1149 4522 credideris,
1163 4451 1264 4508 verbis
1285 4451 1329 4506 uti
1348 4450 1389 4507 ita
1409 4451 1499 4507 inter-

270 4524 427 4598 pretandis
451 4537 485 4580 ut
506 4524 589 4596 quod
613 4523 704 4579 fuerit
729 4523 919 4580 ordinarium
943 4522 1081 4595 affirmet,
1100 4542 1163 4579 non
1180 4536 1282 4579 autem
1298 4536 1388 4595 neget
1413 4536 1496 4578 extra

211 4634 214 4640 ·
272 4595 423 4667 ordinem,
444 4594 475 4650 in
497 4594 680 4668 periculosis
695 4595 897 4668 temporibus,
915 4596 961 4666 ius
981 4595 1101 4650 senatui
1124 4595 1218 4650 fuisse
1235 4594 1326 4649 etiam
1345 4592 1498 4667 decapite

273 4666 576 4810 cipiurrltlmapdandi,
600 4668 683 4738 quod
698 4666 792 4722 fuisse
809 4666 835 4721 ei
852 4666 952 4739 reipsa
967 4667 1027 4740 jam
1042 4666 1189 4721 habemus
1208 4679 1408 4738 compertum.

326 4744 348 4806 r)
403 4757 473 4802 ,1.

308 4811 349 4882 (a)
370 4810 488 4876 Ill,ao.
632 4873 635 4879 ,

308 4882 350 4954 (3)
368 4882 498 4955 Digest,
515 4880 538 4953 1,
554 4898 581 4950 2,
598 4897 626 4949 2,
646 4880 689 4940 18.
706 4911 741 4921 —
762 4879 809 4940 Cf,
831 4880 970 4949 Drortrs„
988 4880 1026 4950 V,
1046 4880 1094 4951 75,
1109 4879 1162 4947 Vl,
1181 4877 1230 4945 583
1252 4878 1336 4944 Zom,
1358 4877 1426 4947 Vll,
1448 4876 1496 4945 13;

273 4952 386 5017 Linus,
403 4955 426 5017 l,
444 4952 491 5025 37.

309 5025 348 5097 (4)
361 5026 430 5080 Trr.
448 5023 524 5092 Lrv.‚
536 5023 587 5090 lV,
608 5021 652 5082 13.
