3725 6050
840 924 1033 1001 ..27-

364 1079 484 1168 Atque
512 1077 595 1146 nihil
623 1096 749 1146 notum
771 1095 823 1146 est
850 1078 894 1146 de
921 1078 1230 1169 disputationibus,
1249 1078 1338 1148 nihil
1363 1080 1405 1149 de
1421 1082 1549 1150 clamo·

308 1192 423 1261 ribus.
442 1193 559 1262 Immo
574 1215 594 1260 a
609 1216 680 1284 quo
698 1193 769 1262 lata
784 1194 839 1278 sit,
855 1194 908 1261 vel
924 1193 1076 1285 quando,
1093 1193 1232 1283 penitus
1248 1194 1435 1286 ignoratur.

312 1320 316 1360 -’
366 1310 446 1398 Ipsa
461 1294 603 1398 quoque
614 1308 662 1377 'ab
677 1309 841 1378 omnibus
854 1326 938 1377 ante
954 1311 1097 1378 Festum
1114 1309 1343 1399 scriptoribus
1365 1312 1498 1393 siletur,
1516 1329 1550 1381 et

319 1423 491 1492 neminem
508 1425 678 1493 hactenus
702 1425 937 1514 reperiascui,
965 1447 1142 1516 quaenam
1163 1425 1280 1510 fuerit,
1307 1449 1381 1516 quo
1405 1426 1547 1495 nomine

319 1538 422 1624 dicta,
437 1538 621 1619 affirmare,
639 1539 705 1607 nisi
720 1556 860 1624 temere,
876 1540 986 1609 liceat.

366 1654 539 1743 Equidem
556 1654 627 1723 scio
644 1654 679 1723 in
693 1656 757 1723 hac
780 1671 895 1724 mente
919 1656 1150 1724 Theodorum
1176 1642 1378 1725 Mommsen
1402 1680 1479 1725 esse
1501 1675 1547 1726 ut

319 1768 428 1838 fuisse
438 1769 527 1850 forte
550 1792 590 1839 ea
603 1771 712 1861 possit
729 1772 832 1840 tertia
861 1771 921 1839 illa
953 1772 1071 1859 legum
1097 1771 1332 1857 Valeriarum,
1360 1794 1455 1840 anno
1479 1772 1545 1841 312

311 1902 400 1954 -ante
422 1884 605 1956 Christum
643 1887 724 1967 lata,
755 1909 824 1977 qua
852 1886 1025 1977 quaedam
1052 1888 1093 1954 de
1120 1888 1369 1978 provocatione
1397 1888 1547 1957 clariora

320 2000 418 2089 jussa
431 2024 505 2069 esse
521 2001 695 2070 ferantur.

311 2143 316 2151 ·
365 2120 414 2185 At
425 2115 600 2188 neminem
615 2116 723 2208 fugiet
736 2117 842 2185 illum
872 2140 940 2186 non
955 2117 1040 2206 quid
1055 2117 1158 2187 fuerit
1182 2135 1308 2187 notum
1321 2119 1461 2201 habere,
1489 2117 1550 2186 sed

322 2231 405 2321 quid
421 2231 528 2300 fuisse
540 2232 655 2322 possit
684 2232 863 2323 suspicari,
880 2255 953 2301 non
968 2233 1055 2324 quid
1069 2234 1113 2302 sit
1128 2256 1251 2303 verum
1264 2236 1460 2313 ostendere,
1490 2234 1550 2302 sed

320 2346 412 2437 quid
429 2347 628 2436 verisimile,
642 2371 753 2438 neque
765 2350 907 2417 tandem
918 2371 991 2417 rem
1005 2351 1149 2439 aperire,
1164 2351 1226 2418 sed
1243 2350 1441 2439 conjectura
1456 2374 1550 2439 qua-

323 2462 406 2531 dam
421 2462 483 2549 uti,
503 2480 608 2555 atque
623 2487 662 2532 ea
687 2488 778 2553 quae
805 2487 849 2532 ne
872 2464 1074 2534 verisimilis
1103 2466 1247 2554 quidem
1272 2489 1348 2533 esse
1376 2466 1549 2538 videatur.

324 2578 420 2648 Nam
443 2578 471 2646 si
486 2579 538 2647 lex
554 2579 616 2648 illa
640 2579 782 2649 Valeria
812 2581 911 2669 quod
933 2597 1155 2649 asseveratur
1180 2588 1359 2650 mutatum
1383 2580 1490 2649 fuisse
1516 2581 1551 2649 id

194 2753 201 2760 .
292 2692 438 2783 vvreipsa
469 2711 655 2780 mutasset,
682 2694 855 2779 homines,
875 2713 915 2763 ut
942 2697 988 2764 ita
1008 2696 1223 2781 dicam,non
1251 2696 1549 2787 praetervolasset,

326 2830 440 2897 neque
457 2807 496 2895 ii,
511 2809 639 2899 quibus
664 2827 748 2878 nota
763 2810 843 2890 fuit,
860 2811 1125 2880 commisissent
1150 2830 1188 2879 ut
1213 2812 1295 2879 satis
1321 2813 1452 2879 locutos
1477 2834 1552 2879 esse

323 2925 366 2991 de
382 2924 454 3015 lege
470 2941 541 2993 tam
557 2925 652 3017 gravi
665 2942 805 3015 tamque
825 2949 914 2996 nova
940 2950 975 2995 se
986 2927 1249 3009 arbitrarentur,
1259 2927 1297 2995 'si
1312 2950 1390 2996 eam
1405 2926 1552 2995 clariora

323 3040 497 3129 quaedam
522 3041 564 3110 de
589 3042 832 3131 provocatione
862 3043 1006 3131 jussisse
1034 3046 1150 3113 solum
1176 3043 1346 3113 dicerent.

368 3157 414 3223 De
434 3179 474 3224 ea
490 3174 611 3226 tamen
632 3157 716 3225 nihil
726 3158 887 3248 amplius
906 3159 1037 3227 invenit
1052 3161 1149 3248 quod
1168 3160 1293 3251 legeret
1307 3160 1379 3227 Th.
1397 3159 1552 3226 Momm·
1590 3190 1595 3201 ·

323 3293 384 3338 sen
399 3270 488 3360 ipse,
507 3295 551 3340 ne
565 3272 658 3363 apud
670 3295 731 3341 eos
750 3274 898 3364 quidem
911 3274 1043 3364 quibus
1057 3275 1160 3364 plura
1174 3297 1278 3342 nemo
1293 3274 1387 3342 alius
1404 3274 1445 3340 de
1465 3296 1505 3341 ea
1517 3294 1553 3340 re

325 3387 469 3476 scripsit.
488 3389 573 3457 Inde
589 3389 625 3458 fit
647 3406 687 3458 ut
709 3388 893 3458 dicendum
918 3390 1171 3459 existimaveris
1193 3392 1303 3481 legem
1328 3389 1425 3457 illam
1449 3389 1552 3456 Vale·

325 3503 412 3572 riam
436 3525 505 3575 non
530 3505 619 3574 tanti
643 3504 751 3573 fuisse
773 3504 807 3574 in
832 3506 1014 3595 republica
1038 3505 1203 3575 momenti
1228 3504 1353 3597 quanti
1380 3503 1552 3593 suspicari

325 3619 511 3688 voluerint.
738 3709 739 3713 Ἰ

368 3734 513 3803 Accedit
534 3753 574 3803 ut
602 3757 713 3826 neque
735 3737 935 3816 dictatores,
964 3760 1082 3827 neque
1104 3737 1273 3815 consules,
1299 3735 1432 3826 quibus
1454 3750 1554 3826 pote·

231 3930 235 3935 ⁵
328 3865 397 3917 stas
418 3849 519 3938 quasi
547 3850 728 3920 dictatoria
752 3869 831 3941 post
855 3874 990 3920 annum
1014 3852 1079 3921 312
1114 3852 1195 3919 data
1219 3851 1275 3928 sit,
1293 3872 1414 3938 neque
1437 3849 1460 3917 ii
1486 3849 1553 3939 ipsi

325 3983 444 4033 contra
474 3976 565 4056 quos
595 3966 644 4034 illi
680 3967 824 4059 egerint,
850 3968 1043 4058 quidquam
1077 3990 1233 4058 unquam
1259 3966 1424 4045 dixerint,
1451 3966 1553 4055 quid-

327 4102 478 4171 quamve
506 4081 663 4169 fecerint,
684 4106 725 4152 er
754 4106 823 4173 quo
858 4084 977 4174 colligi
1008 4083 1108 4151 liceat
1141 4084 1215 4174 lege
1245 4082 1383 4150 Valeria
1409 4099 1554 4148 cautum

306 4195 436 4285 ,luisse
453 4220 496 4265 ne
517 4198 570 4266 vel
593 4220 614 4266 a
639 4198 871 4267 dictatoribus
898 4199 1174 4287 consulibusque
1197 4198 1265 4266 illis
1286 4197 1360 4266 sine
1382 4218 1554 4288 provoca-

327 4311 419 4381 tione
437 4311 527 4380 cives
541 4315 680 4382 romani
694 4315 807 4405 capite
824 4316 1091 4383 damnarentur.
1431 4404 1434 4409 ι

372 4427 503 4517 Legem
521 4429 665 4515 quidem
680 4429 776 4498 illam
793 4431 917 4498 miram
940 4448 1043 4520 atque
1062 4430 1267 4508 inauditam,
1283 4451 1372 4519 quae
1393 4451 1472 4496 cum
1495 4427 1550 4509 sit,

327 4541 412 4610 nibil
438 4561 563 4636 notum
591 4563 640 4613 est
671 4547 769 4635 quod
797 4569 836 4615 ex
866 4570 905 4614 ea
933 4547 978 4614 sit
1009 4546 1154 4626 lactum,
1187 4546 1274 4636 quin
1301 4544 1409 4613 etiam
1436 4543 1552 4611 omnia

328 4674 568 4748 praeteream,
587 4661 762 4750 quasique
775 4685 846 4730 non
862 4680 964 4745 esset,
982 4661 1070 4730 lacta
1084 4685 1158 4730 esse
1174 4661 1376 4729 videantur!

372 4775 491 4863 Atque
514 4775 579 4844 hoc
600 4776 806 4866 praesertim
826 4795 877 4846 est
901 4778 1085 4846 dicendum
1108 4799 1221 4844 unum
1242 4778 1387 4844 Festum
1409 4791 1460 4842 tot
1475 4791 1555 4841 tan·

317 4889 426 4981 tique
451 4890 608 4960 'nominis
634 4892 839 4963 hominibus
864 4916 934 4961 non
957 4916 1059 4982 posse
1081 4891 1267 4982 anteponi,
1294 4913 1445 4980 quorum
1466 4908 1555 4959 certa

318 5006 437 5076 ¹verba
452 5007 564 5075 multo
580 5029 648 5076 usu
664 5009 809 5078 certiora
825 5009 910 5078 effici
926 5008 1088 5077 vidimus.
1192 5044 1194 5047 ·
