3725 6050
888 674 1081 748 ..82-

370 852 545 941 quaedam
567 852 722 942 auspicia
747 874 764 919 e
782 852 882 934 diris,
901 868 940 918 ut
959 850 987 918 si
1011 850 1091 940 quis
1110 852 1239 920 morbo
1258 852 1427 921 comitiali
1455 875 1605 922 corrue-

373 984 422 1036 ret
444 971 498 1054 (ι).
527 968 597 1036 sive
622 969 668 1037 ob
692 967 850 1059 auspicia
880 990 897 1035 e
920 965 1028 1051 coelo,
1052 982 1090 1035 ut
1115 968 1204 1035 Jove
1227 984 1372 1037 tonante
1398 969 1454 1036 vel
1482 968 1605 1061 fulgu-

371 1100 467 1152 rante
482 1087 537 1169 (2),
555 1083 626 1152 sive
638 1084 685 1153 ob
695 1083 950 1152 nuntiationem
965 1082 1110 1174 auguris
1121 1083 1314 1152 concilium
1330 1083 1397 1152 alio
1415 1083 1469 1152 die
1483 1086 1605 1154 vocari

369 1198 522 1288 jubentis
550 1200 605 1286 (3),
632 1198 704 1267 sive
724 1200 883 1281 tandem,
914 1222 957 1266 ne
983 1199 1120 1266 multus
1142 1198 1221 1282 sim,
1242 1200 1288 1268 ob
1315 1199 1605 1269 intercessionem

370 1313 476 1382 unius
490 1314 709 1384 tribunorum
720 1314 830 1405 plebis
846 1319 903 1402 (4).

416 1432 558 1498 Revera
573 1429 754 1498 dimissum
776 1429 887 1499 luerat
907 1430 1094 1522 aliquanto
1118 1445 1199 1498 ante
1219 1429 1421 1515 concilium,
1445 1452 1528 1499 cum
1558 1432 1605 1500 de

370 1545 514 1615 Rabirio
529 1562 702 1638 ageretur.
717 1545 810 1634 Quia
831 1546 925 1615 enim
949 1546 1243 1615 animadverterat
1259 1546 1332 1634 jam
1352 1545 1425 1615 sore
1446 1564 1484 1614 ut
1505 1570 1602 1633 reus,

370 1660 427 1728 cui
439 1677 513 1729 erat
527 1660 672 1747 amicus,
686 1661 921 1747 damnaretur,
939 1661 1118 1746 Metellus,
1132 1661 1192 1750 qui
1211 1661 1376 1751 praetoris
1398 1677 1432 1730 et
1452 1662 1605 1753 auguris

371 1775 476 1843 simul
497 1775 612 1845 officio
641 1777 862 1869 fungebatur,
889 1776 1034 1845 adversa
1061 1799 1135 1845 esse
1165 1776 1315 1867 auguria
1345 1776 1602 1865 pronuntiavit,

370 1892 570 1981 sublatoque
585 1892 673 1959 russi
696 1892 824 1960 coloris
845 1892 983 1977 vexillo,
998 1891 1080 1960 fecit
1107 1908 1145 1959 ut
1169 1892 1309 1960 comitia
1324 1892 1601 1961 dimitterentur.

416 2007 499 2074 Erat
523 2029 605 2097 ergo
630 2006 769 2075 consuli
796 2008 1027 2076 metuendum
1056 2029 1099 2075 ne
1134 2024 1296 2097 tempore
1318 2024 1396 2076 ante
1427 2006 1604 2096 judicium

370 2120 517 2212 legitime
530 2122 613 2191 dato
627 2123 716 2192 male
730 2140 902 2192 uterentur
916 2123 1100 2212 conjurati,
1114 2140 1175 2192 aut
1189 2122 1310 2209 etiam,
1326 2140 1515 2214 postquam
1526 2123 1604 2191 dies

369 2236 552 2305 comitialis
566 2238 726 2323 venisset,
742 2238 931 2308 concilium
945 2237 1170 2307 dimitteretur
1180 2239 1234 2307 vel
1258 2240 1304 2307 ob
1321 2261 1464 2307 causam
1477 2237 1605 2307 fortui-

368 2367 453 2437 tam,
470 2353 525 2421 vel
539 2353 685 2422 maxime
701 2354 801 2422 unius
816 2353 951 2423 tribuni
966 2371 1027 2422 aut
1041 2354 1184 2444 auguris
1198 2354 1393 2435 voluntate,
1408 2355 1509 2443 cujus
1526 2354 1605 2423 ani·

368 2489 466 2537 mum
480 2468 527 2537 rei
538 2469 767 2558 potentissimi
778 2470 841 2539 sibi
864 2469 1115 2538 conciliassent.
1136 2470 1245 2559 Quod
1274 2487 1463 2560 utrumque
1478 2468 1605 2540 suisset

368 2582 575 2673 reipublicae
589 2586 841 2677 gravissimum.

414 2696 579 2768 Ceterum
591 2699 769 2768 fatendum
783 2718 833 2768 est
847 2701 986 2769 comitia
1010 2701 1220 2787 centuriata,
1249 2722 1291 2769 eo
1311 2717 1481 2791 tempore,
1516 2723 1601 2769 reos

367 2813 522 2910 judicare
534 2836 603 2882 non
618 2837 692 2882 esse
706 2815 816 2884 solita.
831 2817 850 2885 J
856 2816 994 2885 udicare
1010 2816 1102 2885 enim
1130 2817 1293 2885 solebant
1319 2816 1492 2907 quaedam
1517 2839 1603 2885 con-

367 2932 454 3018 silia,
470 2952 560 3022 quae
575 2930 794 3023 quaestiones
809 2931 1024 3001 dicebantur.
1040 2932 1205 3021 Quarum
1221 2931 1365 3021 quidem
1384 2932 1473 3000 aliae
1500 2949 1602 3001 erant

362 3058 564 3142 perpetuae,
580 3046 668 3116 aliae
679 3048 1011 3117 extraordinariae.
1029 3049 1180 3131 Priores,
1193 3070 1288 3116 anno
1316 3070 1380 3140 149
1397 3051 1439 3132 (a.
1467 3047 1600 3136 J.·C.)‚

370 3186 498 3234 munus
508 3163 601 3233 obire
613 3181 811 3253 coeperunt.
826 3164 1041 3233 Posteriores
1057 3187 1136 3232 vero
1150 3163 1288 3233 institui
1301 3164 1410 3232 moris
1428 3180 1517 3249 erat,
1545 3165 1601 3232 vel

368 3304 460 3367 cum,
478 3279 642 3371 neglectis
658 3279 924 3369 quaestionibus
941 3284 1127 3369 perpetuis,
1143 3280 1190 3348 rei
1205 3279 1329 3370 capitis
1348 3279 1393 3348 ad
1418 3280 1599 3369 populum

369 3396 594 3477 vocabantur,
609 3393 706 3485 quod
721 3411 794 3462 erat
806 3394 958 3463 maxime
975 3418 1108 3477 rarum,
1126 3395 1180 3464 vel
1195 3416 1275 3464 curn
1288 3394 1331 3462 de
1351 3417 1388 3463 re
1413 3395 1599 3485 agebatur,

371 3534 461 3605 quae
490 3511 533 3579 ad
557 3510 692 3579 nullam
721 3508 965 3601 quaestionum
987 3528 1236 3601 perpetuarum
1266 3509 1463 3601 pertineret.
1500 3512 1600 3578 Tum

369 3627 462 3697 enim
475 3627 633 3695 solemne
647 3642 719 3694 erat
728 3625 859 3715 populo
871 3625 1077 3717 senatuique
1092 3625 1344 3716 quaestionem
1358 3625 1601 3694 extraordina-

370 3744 459 3813 riam
470 3741 688 3821 constituere,
703 3739 747 3809 ad
760 3763 866 3831 quam
882 3763 936 3810 res
950 3741 1193 3810 remitteretur.
1520 3744 1522 3748 ’

416 3859 513 3950 Quid
527 3874 644 3927 autem
658 3856 888 3926 metuendum
899 3874 1002 3943 esset,
1014 3857 1043 3924 si
1055 3856 1099 3925 ad
1115 3879 1225 3926 unam
1238 3879 1278 3926 ex
1296 3855 1368 3925 illis
1383 3856 1600 3945 quaestioni·

368 3975 434 4043 bus
446 3975 639 4063 rejiceretur
664 3995 772 4042 causa
795 3973 1068 4061 conjuratorum,
1112 3996 1153 4041 ex
1177 3973 1220 4040 iis
1246 3995 1339 4064 quae
1360 3993 1472 4066 nuper
1494 3972 1602 4040 etiam

370 4104 569 4171 evenerant,
584 4111 654 4156 non
675 4106 747 4156 erat
771 4088 904 4156 consuli
924 4088 1109 4157 incertum.
1125 4090 1235 4165 ,Nam
1261 4089 1380 4178 ipsum
1395 4073 1601 4157 ¹Catilinam

370 4206 470 4297 legari
488 4203 742 4287 Africanorum,
772 4204 865 4293 apud
897 4203 1135 4292 quaestionem
1162 4202 1453 4294 repetundarum,
1477 4201 1601 4271 medio

369 4321 503 4391 circiter
516 4342 608 4389 anno
627 4320 686 4404 65,
699 4335 955 4389 accusaverant.
975 4321 1086 4389 Porro
1111 4319 1325 4388 sententiam
1347 4340 1418 4387 non
1440 4318 1603 4406 tulerunt

405 4522 442 4585 (rt
459 4519 587 4588 Fssrus,
602 4534 632 4590 p.
650 4516 723 4588 2343
740 4515 880 4573 Sannaus
894 4516 1101 4586 stunoneus,
1116 4515 1327 4584 DeMedt'cina,
1339 4514 1376 4584 V,
1396 4513 1481 4580 1015,
1496 4530 1572 4584 sqq.

406 4591 445 4662 (al
463 4591 561 4646 «Jove
572 4601 709 4656 tonante,
725 4588 907 4662 fulgurante,
922 4587 1046 4643 comitia
1060 4586 1167 4660 populi
1182 4587 1294 4642 habere
1308 4585 1407 4642 nefas.
1420 4605 1442 4649 ,u
1459 4585 1538 4652 Cre,
1555 4585 1602 4640 De

369 4661 482 4727 Diria,
499 4660 538 4729 Il,
554 4662 598 4728 18,
608 4678 657 4729 42.
671 4691 707 4701 -
723 4660 801 4729 Lrv.,
817 4660 881 4726 XL,
897 4677 946 4724 42.
960 4689 991 4702 -
1006 4659 1062 4713 Dro
1076 4658 1175 4730 Cass,
1186 4657 1352 4725 XXXVIII,
1373 4656 1416 4712 13.
1472 4711 1477 4720 ,

406 4733 445 4803 (3)
460 4732 538 4802 Cre,
551 4733 597 4787 De
610 4730 726 4808 Legio„
744 4730 782 4796 ll,
804 4748 835 4786 12
850 4754 856 4796 ;
873 4730 927 4796 ΙΙΙ,
942 4748 971 4800 4,
1359 4783 1362 4789 ,

406 4806 448 4874 (4)
465 4804 541 4875 L1v.,
557 4804 608 4874 IV,
625 4808 658 4861 25
669 4824 676 4876 ;
688 4802 741 4874 VI,
758 4803 791 4858 35
804 4821 812 4871 ;
827 4801 895 4872 VII,
908 4819 956 4863 21.
