3725 6050
826 783 1023 875 ...53-

312 985 417 1049 *casus
431 963 631 1050 committit,
644 986 684 1034 eo
702 962 870 1055 majorem
882 987 957 1034 esse
971 964 1006 1033 in
1022 959 1057 1034 se
1074 956 1227 1040 ostendit
1240 966 1341 1049 hanc,
1358 958 1453 1056 quae-
1463 956 1537 1033 uiro

311 1081 589 1152 'laudibabenda
605 1097 671 1166 est,
687 1076 947 1151 fortitudinem.
974 1082 976 1086 ’
1526 1072 1531 1098 ⁷

359 1197 643 1289 Ignavumfuisse
660 1198 776 1290 arguis
792 1196 1023 1268 Ciceronem?
1034 1198 1224 1287 Quodnam
1238 1196 1281 1265 sit
1291 1196 1538 1289 igiturpericu'·

314 1315 386 1383 lum
402 1316 497 1404 quod
521 1332 618 1383 metu
645 1313 803 1383 vitaverit
818 1314 871 1383 fac
893 1331 930 1382 ut
949 1337 1107 1383 moneas.
1130 1313 1231 1382 Viam
1247 1314 1339 1383 enirn
1355 1328 1537 1383 oratorum

311 1431 365 1499 vix
385 1430 653 1522 ingrediebatur,
670 1452 752 1499 curn
776 1453 795 1498 a
816 1430 973 1518 quodam
994 1429 1111 1522 Syllae
1134 1430 1261 1499 liberto
1281 1425 1466 1499 accusatus
1488 1447 1539 1499 ost

316 1546 478 1617 Roscius.
507 1549 603 1616 Inter
618 1565 736 1616 autem
749 1564 798 1616 tot
812 1564 960 1640 tamque
972 1570 1093 1639 graves
1107 1564 1261 1616 oratores
1275 1570 1377 1616 nenio
1396 1547 1461 1615 fuit
1477 1546 1538 1637 qui

314 1686 410 1733 reum
437 1663 625 1732 defendere
653 1663 807 1747 auderet,
836 1664 980 1755 iraeque
1009 1664 1307 1754 proscribentium
1338 1656 1384 1733 se
1403 1664 1535 1733 offerre.

317 1782 420 1851 Unus
434 1803 538 1849 ausus
553 1797 604 1849 est
617 1779 751 1866 Cicero,
765 1779 915 1867 lecitque
929 1796 968 1848 ut
985 1779 1132 1849 Roscius
1147 1802 1167 1849 a
1188 1772 1394 1871 quaestione
1413 1769 1538 1858 liberass¹

313 1914 416 1967 retur.
914 1961 924 1979 „

360 2013 451 2082 lllud
472 2012 590 2102 posuit
604 2012 829 2105 principium,
848 2012 986 2105 sibique
1006 2013 1052 2083 ita
1067 2011 1239 2099 constitit,
1257 2030 1295 2082 ut
1308 2012 1423 2104 primo
1439 2030 1539 2084 aeta-

312 2129 356 2199 tis
377 2129 449 2219 ejus
469 2128 617 2219 tempori
648 2146 846 2198 extremum
866 2148 1011 2220 tempus
1031 2120 1538 2221 reperias‘simillimum-sNam

314 2245 476 2314 ultimum
486 2245 574 2315 vitae
591 2269 724 2315 annum
739 2247 959 2337 consumpsit
970 2246 1007 2314 in
1021 2248 1176 2337 quodam
1188 2246 1287 2336 quasi
1301 2245 1396 2315 bello
1410 2246 1541 2347 pericu·

315 2361 488 2431 losissimo
516 2364 668 2454 gerendo
694 2384 777 2431 cum
802 2364 969 2445 Antonio,
997 2380 1038 2431 ut
1051 2362 1135 2447 dixi,
1155 2362 1226 2432 viro
1240 2362 1403 2431 omniurn
1417 2376 1539 2453 poten·-

314 2477 462 2547 tissim0.
478 2478 573 2547 Audi
589 2501 702 2547 unum
718 2502 760 2549 ex
775 2479 904 2548 nostris
919 2480 1051 2549 diserte
1068 2479 1276 2549 scribentem
1292 2502 1300 2548 :

289 2663 292 2670 ,
362 2622 377 2659 «
400 2595 451 2663 La
472 2595 638 2685 premiere
667 2596 910 2687 Philippique,
932 2596 962 2664 si
988 2619 1034 2664 on
1055 2596 1087 2664 la
1113 2596 1309 2686 rapproche
1324 2594 1383 2663 des
1399 2576 1539 2679 ¹autres3

313 2708 421 2802 parait
434 2710 554 2780 timide
570 2712 706 2802 etpdle.
726 2711 820 2801 Quel
836 2727 987 2804 courag'e
1010 2712 1205 2803 rependant
1226 2711 1360 2780 n'a-t·il
1380 2733 1442 2802 pas
1456 2702 1538 2778 fallu
1648 2750 1653 2760 ·

314 2850 402 2918 pour
416 2828 448 2895 la
463 2849 659 2919 prononcer
671 2828 758 2898 dans
778 2845 865 2897 cette
891 2828 970 2898 ville
985 2828 1206 2911 indiffe'rente‚
1224 2828 1348 2897 devant
1366 2849 1423 2895 ces
1440 2829 1541 2895 sena*

315 2960 409 3014 teurs
431 2942 586 3039 effraye's,
605 2945 807 3036 &quelques
828 2968 890 3036 pas
906 2946 1097 3014 d'Antoine
1115 2944 1265 3030 furieux,
1288 2959 1489 3033 menacant,
1508 2958 1541 3012 et

314 3061 387 3152 qui,
412 3083 475 3151 par
501 3083 554 3130 ses
571 3060 775 3144 e'missaires,
795 3063 949 3131 ecoutait
976 3079 1057 3132 tous
1081 3063 1128 3130 les
1152 3084 1280 3153 propos
1305 3063 1412 3151 qu'on
1437 3060 1541 3129 tenait

199 3199 208 3216 ·
313 3194 430 3246 contre
447 3177 496 3246 lui
526 3201 535 3245 :
561 3177 709 3249 Cice'ron
735 3179 881 3248 finissait
896 3200 1033 3248 comme
1055 3179 1077 3246 il
1099 3178 1189 3246 avait
1210 3175 1421 3246 commence'.
1441 3179 1540 3245 Deux
1643 3253 1653 3262 ,-

313 3292 416 3362 forsa
442 3294 657 3385 trente-cinq
680 3317 741 3363 ans
765 3295 995 3381 d’intervalle‚
1014 3296 1037 3363 il
1060 3293 1237 3384 protestait
1256 3298 1344 3380 seul,
1361 3288 1404 3362 au
1420 3283 1539 3360 milieu

314 3410 360 3479 du
381 3409 510 3479 silence
531 3409 680 3502 gene'ral,
705 3427 824 3481 contre
841 3435 885 3481 un
907 3412 1060 3504 pouvoir
1081 3411 1226 3480 redoute
1249 3409 1310 3500 qui
1328 3432 1373 3478 ne
1389 3408 1541 3477 souffrait

312 3548 374 3617 pas
389 3527 430 3596 de
443 3513 703 3616 resistancelr).
721 3555 737 3593 o
1422 3518 1424 3521 ’
1527 3538 1534 3547 “

359 3646 482 3734 Neque
507 3661 595 3730 rum,
618 3666 680 3734 per
704 3645 807 3728 illud,
829 3662 867 3714 ut
893 3645 940 3715 ita
963 3645 1089 3727 dicam,
1110 3644 1217 3714 unius
1238 3643 1324 3713 anni
1350 3636 1537 3733 proelium*

233 3800 236 3805 -
315 3759 520 3852 quidquam,
544 3760 670 3852 quovis
692 3778 864 3852 tempore,
881 3763 924 3831 de
953 3762 1080 3832 virtute
1092 3761 1362 3848 constantiaque
1386 3757 1548 3827 remisiti·

314 3875 405 3945 Cum
420 3900 501 3945 vero
517 3876 638 3960 victus,
656 3900 726 3946 non
742 3874 910 3959 domitus,
930 3877 1015 3947 nihil
1036 3879 1106 3967 jam
1126 3899 1191 3969 pro
1212 3876 1374 3946 libertate
1398 3867 1539 3943 habetet

312 3993 407 4082 quod
420 3994 559 4074 faceret,
575 3995 751 4064 eamrortt
765 4013 878 4065 morte
892 3996 1015 4065 coluit.
1386 3982 1389 3989 ¹
1533 4003 1539 4011 '

359 4111 533 4202 ignaviter
560 4111 704 4203 quidem
730 4130 913 4194 mortuum
944 4137 1019 4182 esse
1053 4112 1157 4180 illum
1190 4111 1295 4183 Pollio
1330 4110 1539 4182 accusavit}

312 4227 479 4296 mentitus
499 4245 548 4295 est
564 4227 599 4295 in
618 4251 699 4296 eurn
714 4229 813 4319 quasi
833 4229 898 4298 sibi
918 4230 991 4319 ipse
1007 4228 1145 4297 facilius
1166 4228 1212 4297 sic
1226 4227 1424 4316 ignosceret
1441 4228 1544 4319 quod

313 4365 394 4412 eum
407 4342 533 4412 infidus
547 4344 764 4425 deseruisset,
777 4346 890 4415 immo
903 4346 1117 4415 tradidisset.
1128 4350 1176 4415 Ar
1190 4345 1261 4435 ipse
1274 4345 1380 4413 Titus
1398 4345 1537 4424 Livius,

313 4459 375 4549 qui
391 4460 439 4529 illi
456 4460 571 4528 minus
587 4484 700 4552 aequo
715 4462 829 4532 lavere
843 4480 893 4532 est
907 4463 1045 4544 solitus,
1061 4462 1235 4532 constanti
1250 4461 1371 4530 animo
1387 4477 1538 4528 mortem

313 4577 489 4667 accepisse
502 4578 774 4647 eumconfessus
790 4596 854 4648 est.
1331 4565 1335 4570 s
1483 4563 1488 4568 ⁸

359 4693 412 4762 Ex
446 4694 638 4764 Plutarcho
672 4713 788 4766 autem
820 4695 1041 4764 notissimum
1073 4674 1126 4765 est
1159 4707 1255 4779 eum,
1298 4693 1357 4761 ubi
1402 4693 1538 4761 Heren⁴

347 4935 554 5012 naumann,
572 4938 693 4997 ciceron
707 4948 789 4997 atses
803 4941 886 5012 ama,
906 4940 934 4996 30
951 4938 1036 5008 aaa„
1057 4917 1258 5011 raasson,
1276 4953 1307 5011 p.
1320 4953 1367 5011 77.
1460 4970 1464 4976 -
1529 4933 1541 4969 f»
