3725 6050
830 650 1029 705 ...20-

314 830 457 878 causam
473 829 538 898 pro
554 807 604 876 eis
625 805 709 875 dixit
725 805 851 886 Galba,
868 806 927 896 qui
944 806 1062 875 Laelio
1076 824 1150 875 tum
1165 806 1306 896 adjutor
1320 824 1395 876 erat
1409 808 1549 877 consti·

314 942 426 1008 tutus,
441 947 461 992 a
476 922 675 1013 quaestione
696 922 859 992 liberatos
877 922 1060 991 miserunt.

360 1043 442 1130 Qua
455 1039 558 1110 etiam
575 1039 609 1108 in
625 1063 677 1124 re,
697 1061 776 1108 cum
797 1062 910 1129 neque
931 1039 980 1108 rei
1003 1061 1116 1119 neque
1132 1060 1258 1107 eorum
1274 1040 1412 1131 patroni
1436 1063 1550 1132 oppo-

317 1158 449 1226 suerint
472 1157 480 1244 j
487 1181 528 1225 us
553 1181 573 1225 a
595 1173 718 1225 senatu
737 1178 806 1224 non
822 1156 896 1248 lege
914 1173 1121 1247 usurpatum
1137 1177 1222 1242 esse,
1236 1178 1306 1225 non
1323 1156 1396 1248 lege
1412 1156 1549 1243 judices

314 1275 421 1344 fuisse
433 1274 654 1353 constitutos,
666 1272 855 1342 certissimo
869 1295 943 1342 esse
959 1273 1056 1364 signo
1072 1288 1161 1340 recte
1173 1270 1427 1342 existimaveris
1460 1273 1549 1343 nihil

316 1413 463 1482 prorsus
493 1390 544 1460 eis
581 1388 687 1458 fuisse
712 1410 775 1457 cur
801 1388 896 1459 illam
924 1406 1067 1458 senatus
1097 1404 1308 1479 potestatem
1331 1388 1403 1458 ullo
1435 1390 1550 1459 modo

316 1507 461 1576 dubiam
479 1506 655 1574 baberent.

360 1628 475 1712 Neque
501 1644 612 1713 pauca
630 1621 843 1711 hujusmodi,
859 1644 899 1691 ea
920 1637 1042 1702 aetate,
1060 1637 1255 1689 evenerunt.
1277 1621 1370 1689 Nam
1387 1636 1550 1711 praeter-

317 1763 422 1830 quam
439 1761 478 1808 ex
500 1740 803 1807 senatusconsulto
820 1739 868 1828 Q.
884 1735 1042 1807 Naevius
1057 1737 1192 1821 Matho,
1207 1753 1356 1827 praetor,
1370 1736 1415 1806 de
1437 1759 1551 1807 vene-

316 1855 399 1923 ficiis
422 1855 635 1946 quibusdam
652 1855 699 1923 ita
728 1854 913 1946 quaesivit,
940 1870 1045 1944 atque
1068 1852 1112 1922 ad
1132 1854 1204 1922 duo
1228 1852 1412 1921 hominum
1434 1852 1551 1923 millia

316 1970 512 2056 damnavit,
538 1988 585 2057 ut,
607 1972 702 2040 nullu
719 1971 844 2039 civium
866 1988 900 2038 et
921 1987 1116 2038 ceterorum
1137 1969 1358 2038 distinctione
1371 1991 1434 2060 per
1446 1992 1552 2039 sena-

315 2103 389 2154 tunt
419 2087 518 2168 lacta,
548 2110 658 2177 neque
681 2087 757 2178 ipse
777 2085 976 2155 distinxisse
1007 2086 1178 2167 videatur,
1199 2086 1265 2154 hoc
1296 2101 1388 2155 certe
1411 2108 1550 2156 memo·

317 2203 527 2272 randumest
540 2203 637 2296 quod
664 2203 705 2272 de
723 2203 998 2272 Bacchanalibus
1010 2201 1292 2291 facinoribusque
1304 2224 1369 2293 per
1386 2203 1549 2273 Baccha-

319 2319 410 2388 nalia
427 2338 598 2389 nocturno
614 2337 769 2410 tempore
781 2318 939 2410 perfectis
955 2336 1118 2387 narratur
1130 2317 1251 2387 fecisse
1268 2334 1413 2386 senatus
1428 2322 1487 2407 (1).

365 2438 413 2506 lle
434 2437 706 2506 Bacchanalibus
722 2435 813 2504 enim
826 2435 998 2525 sacrisque
1008 2426 1441 2525 nocturnis'quaestionem
1453 2453 1551 2506 extra

315 2553 471 2622 ordinem
495 2553 701 2622 consulibus
717 2553 908 2621 mandavit.
926 2551 1139 2641 Conjurasse
1157 2568 1275 2621 autem
1295 2575 1401 2644 supra
1416 2570 1551 2644 septem

317 2669 428 2737 tuillia
458 2669 613 2737 virorum
647 2686 678 2737 ct
712 2669 899 2737 mulierum
928 2668 1147 2737 dicebantur.
1186 2668 1408 2760 Deprehendi
1442 2668 1551 2761 igitur

316 2785 413 2874 jussi,
428 2785 457 2852 vi
476 2785 662 2853 mandatae
675 2785 869 2874 potestatis,
887 2785 1060 2876 principes
1075 2784 1338 2874 conjurationis,
1357 2786 1502 2855 Marcus
1517 2804 1551 2856 et

318 2901 427 2971 (laius
449 2900 620 2986 Amnius,
643 2901 782 2969 adducti
806 2919 888 2969 sunt
916 2902 962 2970 ad
987 2901 1164 2984 consules,
1190 2900 1405 2988 confessique
1429 2902 1549 2971 statim

317 3017 454 3107 judicati
470 3015 621 3087 luerunt.
636 3018 735 3087 Multi
748 3017 855 3087 etiam
868 3041 948 3087 cum
964 3017 1011 3087 eis
1025 3017 1145 3099 necati,
1164 3017 1337 3110 multique
1355 3017 1391 3087 in
1406 3016 1549 3090 vincula

318 3134 462 3223 conjecti
487 3138 542 3224 (a).

361 3250 458 3341 Quid
475 3252 574 3343 plura
582 3258 597 3319 ‘l
613 3254 875 3342 Argumentum
893 3250 949 3320 hic
963 3250 1071 3320 habes
1086 3250 1324 3319 firmissimum
1342 3267 1450 3343 atque
1465 3275 1547 3345 gra·

319 3368 514 3448 vissimum,
544 3390 623 3437 cum
657 3366 745 3435 inter
774 3383 824 3435 tot
855 3366 962 3435 millia
994 3366 1176 3435 hominum
1210 3389 1454 3449 romanorum,
1483 3367 1548 3457 qui

318 3483 541 3575 voluptuaria
557 3501 772 3574 quaererent,
791 3506 860 3551 non
878 3483 1027 3551 defuisse
1040 3482 1145 3565 cives,
1162 3482 1268 3552 immo
1282 3483 1410 3553 multos
1424 3482 1545 3566 fuisse,

317 3618 451 3669 certum
475 3600 517 3668 sit
542 3600 761 3683 babendum,
780 3622 896 3691 neque
913 3618 1044 3681 tamen,
1062 3617 1114 3668 tot
1133 3597 1269 3669 civibus
1284 3599 1317 3668 vi
1330 3600 1548 3690 potestatisa

319 3734 441 3785 senatu
464 3716 564 3785 datae
583 3716 779 3799 interfectis,
805 3716 876 3784 ulla
900 3716 1001 3784 fuerit
1025 3715 1235 3801 intercessio,
1256 3715 1329 3786 ulla
1361 3717 1548 3808 appellatio

318 3832 555 3917 comitiorum,
572 3833 643 3901 ulla
657 3834 700 3901 ad
717 3832 885 3924 populum
900 3831 1112 3922 provocatio

367 3950 417 4017 lia
439 3972 508 4039 quo
526 3966 577 4016 est
592 3948 828 4037 colligendum
849 3949 895 4016 ita
917 3971 1041 4017 omnes
1063 3965 1139 4016 turn
1156 3947 1302 4017 sensisse
1322 3965 1361 4018 ut
1381 3950 1453 4039 jure
1467 3972 1544 4034 su0‚

319 4066 354 4133 in
371 4089 407 4133 re
420 4064 492 4145 illa,
509 4081 670 4133 senatum
685 4088 788 4134 usum
804 4088 879 4135 esse
895 4081 1057 4156 putarent
1072 4064 1131 4152 (3).

355 4218 391 4291 (ι)
415 4215 515 4271 llefert
536 4215 624 4271 Titus
643 4215 744 4272 Livius
767 4217 826 4289 (Cf,
848 4218 921 4273 Van.
940 4218 1034 4288 Max„
1058 4217 1096 4287 ll,
1116 4214 1161 4288 53)
1187 4216 1333 4272 veneficia
1352 4216 1448 4274 multa
1468 4218 1546 4276 Urbi

320 4289 366 4345 his
389 4287 493 4343 timori
520 4286 650 4342 maritimo
673 4287 777 4358 fuisse,
800 4301 1043 4361 potestatemque
1069 4287 1230 4360 quamdam
1252 4301 1334 4344 extra
1361 4287 1501 4345 ordinem
1529 4309 1548 4347 a

319 4373 425 4416 senatu
437 4359 482 4413 bis
494 4380 504 4413 t
515 4376 615 4430 tuique
628 4376 693 4414 esse
704 4361 886 4418 mandatam.
896 4361 992 4414 Porro
1002 4359 1080 4414 inter
1089 4359 1200 4430 eosqui
1211 4359 1391 4416 Ciceronem
1400 4358 1547 4417 dicuntin

319 4431 420 4487 socios
437 4378 587 4485 Catilinae
601 4429 709 4485 vitiose
723 4432 830 4504 egisse,
847 4443 927 4496 sunt,
942 4445 975 4486 ut
987 4430 1115 4485 Carolus
1129 4432 1238 4502 Maynz
1250 4435 1307 4505 (op.
1322 4432 1381 4501 cit.¹
1395 4432 1418 4502 1,
1433 4450 1462 4505 p.
1479 4433 1548 4505 160)

319 4504 369 4576 qui
388 4502 469 4557 illam
484 4513 668 4574 potestatem
685 4520 746 4556 non
761 4503 859 4557 minus
874 4502 983 4557 vitioso
1000 4502 1092 4556 fuisse
1109 4502 1210 4556 datam
1227 4502 1410 4563 existiment.

353 4578 389 4642 (rt
410 4575 477 4633 Trr.
497 4575 574 4641 Lau,
591 4574 730 4643 XXXlX‚
751 4591 841 4646 ¹4⁴9-
856 4575 966 4628 Narrat
982 4573 1062 4628 idem
1077 4572 1166 4628 Titus
1186 4572 1289 4628 Livius
1306 4575 1383 4643 (XL,
1404 4575 1450 4646 19)
1462 4573 1547 4631 aliud

319 4646 516 4719 ejusdemque
532 4643 651 4717 generis
668 4646 705 4699 de
723 4645 963 4699 Bacchanalibus
980 4645 1156 4700 mandatum
1172 4662 1188 4698 a
1208 4657 1315 4701 senatu
1331 4643 1425 4700 fuisse
1440 4646 1547 4702 datum

317 4749 351 4758 —
362 4717 471 4772 vitiose
486 4716 588 4783 etiam,
605 4715 630 4770 si
644 4716 755 4771 Carolo
774 4717 883 4789 Maynz
901 4717 1051 4777 crederes.

354 4788 395 4860 (3)
418 4787 497 4843 Hinc
523 4799 618 4860 patet,
643 4799 733 4859 atque
764 4804 799 4841 ex
828 4787 871 4842 eis
901 4805 978 4859 quae
1002 4788 1132 4843 dicenda
1167 4792 1239 4843 sunt
1265 4787 1360 4862 magis
1387 4787 1547 4862 magisque
