<?xml version="1.0" encoding="UTF-8"?>
<!DOCTYPE html PUBLIC "-//W3C//DTD XHTML 1.0 Transitional//EN"
    "http://www.w3.org/TR/xhtml1/DTD/xhtml1-transitional.dtd">
<html xmlns="http://www.w3.org/1999/xhtml" xml:lang="en" lang="en">
 <head>
  <title>
</title>
<meta http-equiv="Content-Type" content="text/html;charset=utf-8" />
  <meta name='ocr-system' content='tesseract 3.04.00' />
  <meta name='ocr-capabilities' content='ocr_page ocr_carea ocr_par ocr_line ocrx_word'/>
</head>
<body>
  <div class='ocr_page' id='page_1' title='image "./numlegitimeprud00bertgoog_0087.png"; bbox 0 0 3725 6050; ppageno 0'>
   <div class='ocr_carea' id='block_1_1' title="bbox 321 966 1546 1174">
    <p class='ocr_par' dir='ltr' id='par_1_1' title="bbox 321 966 1546 1174">
     <span class='ocr_line' id='line_1_1' title="bbox 368 966 1546 1060; baseline 0.002 -22"><span class='ocrx_word' id='word_1_1' title='bbox 368 969 473 1040; x_wconf 84' lang='lat' dir='ltr'>Unde</span> <span class='ocrx_word' id='word_1_2' title='bbox 497 983 591 1058; x_wconf 88' lang='lat' dir='ltr'>patet</span> <span class='ocrx_word' id='word_1_3' title='bbox 617 985 649 1036; x_wconf 90' lang='lat' dir='ltr'>et</span> <span class='ocrx_word' id='word_1_4' title='bbox 671 968 812 1037; x_wconf 89' lang='lat' dir='ltr'>turbam</span> <span class='ocrx_word' id='word_1_5' title='bbox 840 983 874 1036; x_wconf 92' lang='lat' dir='ltr'>et</span> <span class='ocrx_word' id='word_1_6' title='bbox 888 967 981 1036; x_wconf 90' lang='lat' dir='ltr'>viros</span> <span class='ocrx_word' id='word_1_7' title='bbox 1010 966 1129 1037; x_wconf 90' lang='lat' dir='ltr'>civiles</span> <span class='ocrx_word' id='word_1_8' title='bbox 1157 969 1286 1037; x_wconf 90' lang='lat' dir='ltr'>multos</span> <span class='ocrx_word' id='word_1_9' title='bbox 1315 970 1546 1060; x_wconf 84' lang='lat' dir='ltr'>conjurationi</span> 
     </span>
     <span class='ocr_line' id='line_1_2' title="bbox 321 1082 1187 1174; baseline -0.008 -21"><span class='ocrx_word' id='word_1_10' title='bbox 321 1101 455 1153; x_wconf 88' lang='lat' dir='ltr'>tantum</span> <span class='ocrx_word' id='word_1_11' title='bbox 472 1083 612 1169; x_wconf 85' lang='lat' dir='ltr'>favisse,</span> <span class='ocrx_word' id='word_1_12' title='bbox 626 1101 665 1153; x_wconf 91' lang='lat' dir='ltr'>ut</span> <span class='ocrx_word' id='word_1_13' title='bbox 678 1082 969 1174; x_wconf 84' lang='lat' dir='ltr'>periculosissima</span> <span class='ocrx_word' id='word_1_14' title='bbox 985 1106 1040 1152; x_wconf 91' lang='lat' dir='ltr'>res</span> <span class='ocrx_word' id='word_1_15' title='bbox 1053 1083 1158 1153; x_wconf 78' lang='lat' dir='ltr'>fieret</span> <span class='ocrx_word' id='word_1_16' title='bbox 1179 1134 1187 1146; x_wconf 95' lang='lat'><strong>.</strong></span> 
     </span>
    </p>
   </div>
   <div class='ocr_carea' id='block_1_2' title="bbox 319 1428 1606 2218">
    <p class='ocr_par' dir='ltr' id='par_1_2' title="bbox 319 1428 1551 1761">
     <span class='ocr_line' id='line_1_3' title="bbox 367 1428 1551 1522; baseline 0.005 -23"><span class='ocrx_word' id='word_1_17' title='bbox 367 1432 400 1500; x_wconf 82' lang='lat'>3.</span> <span class='ocrx_word' id='word_1_18' title='bbox 427 1436 547 1522; x_wconf 87' lang='lat' dir='ltr'><strong>Atque</strong></span> <span class='ocrx_word' id='word_1_19' title='bbox 575 1453 615 1499; x_wconf 90' lang='lat' dir='ltr'>eo</span> <span class='ocrx_word' id='word_1_20' title='bbox 640 1430 753 1518; x_wconf 87' lang='lat' dir='ltr'>majus</span> <span class='ocrx_word' id='word_1_21' title='bbox 772 1446 844 1499; x_wconf 90' lang='lat' dir='ltr'>erat</span> <span class='ocrx_word' id='word_1_22' title='bbox 867 1428 1071 1519; x_wconf 88' lang='lat' dir='ltr'>periculum,</span> <span class='ocrx_word' id='word_1_23' title='bbox 1099 1430 1194 1518; x_wconf 90' lang='lat' dir='ltr'>quod</span> <span class='ocrx_word' id='word_1_24' title='bbox 1221 1432 1409 1520; x_wconf 90' lang='lat' dir='ltr'>conjuratis</span> <span class='ocrx_word' id='word_1_25' title='bbox 1438 1433 1551 1508; x_wconf 89' lang='lat' dir='ltr'>multa·</span> 
     </span>
     <span class='ocr_line' id='line_1_4' title="bbox 320 1544 1547 1639; baseline 0.001 -23"><span class='ocrx_word' id='word_1_26' title='bbox 320 1564 428 1634; x_wconf 86' lang='lat' dir='ltr'>erant,</span> <span class='ocrx_word' id='word_1_27' title='bbox 444 1546 574 1634; x_wconf 91' lang='lat' dir='ltr'>quibus</span> <span class='ocrx_word' id='word_1_28' title='bbox 587 1552 749 1615; x_wconf 90' lang='lat' dir='ltr'>senatum</span> <span class='ocrx_word' id='word_1_29' title='bbox 770 1545 1050 1637; x_wconf 70' lang='lat' dir='ltr'>aggrederentur,</span> <span class='ocrx_word' id='word_1_30' title='bbox 1067 1544 1204 1614; x_wconf 88' lang='lat' dir='ltr'>senatui</span> <span class='ocrx_word' id='word_1_31' title='bbox 1229 1568 1309 1615; x_wconf 92' lang='lat' dir='ltr'>vero</span> <span class='ocrx_word' id='word_1_32' title='bbox 1332 1547 1415 1616; x_wconf 88' lang='lat' dir='ltr'>satis</span> <span class='ocrx_word' id='word_1_33' title='bbox 1435 1572 1547 1639; x_wconf 78' lang='lat' dir='ltr'>pauca</span> 
     </span>
     <span class='ocr_line' id='line_1_5' title="bbox 319 1638 1522 1761; baseline -0.003 -31"><span class='ocrx_word' id='word_1_34' title='bbox 319 1660 738 1761; x_wconf 74' lang='lat' dir='ltr'>quibusseaconjuratis</span> <span class='ocrx_word' id='word_1_35' title='bbox 754 1638 969 1730; x_wconf 81' lang='lat' dir='ltr'>defenderet.</span> <span class='ocrx_word' id='word_1_36' title='bbox 1520 1738 1522 1741; x_wconf 80' lang='lat'>.</span> 
     </span>
    </p>

    <p class='ocr_par' dir='ltr' id='par_1_3' title="bbox 319 1777 1606 2218">
     <span class='ocr_line' id='line_1_6' title="bbox 367 1777 1547 1869; baseline 0.003 -22"><span class='ocrx_word' id='word_1_37' title='bbox 367 1779 465 1847; x_wconf 85' lang='lat' dir='ltr'>Foris</span> <span class='ocrx_word' id='word_1_38' title='bbox 479 1779 573 1847; x_wconf 91' lang='lat' dir='ltr'>enim</span> <span class='ocrx_word' id='word_1_39' title='bbox 591 1778 625 1845; x_wconf 95' lang='lat' dir='ltr'>in</span> <span class='ocrx_word' id='word_1_40' title='bbox 639 1777 729 1869; x_wconf 88' lang='lat' dir='ltr'>agris</span> <span class='ocrx_word' id='word_1_41' title='bbox 743 1795 820 1846; x_wconf 93' lang='lat' dir='ltr'>tum</span> <span class='ocrx_word' id='word_1_42' title='bbox 835 1794 934 1846; x_wconf 88' lang='lat' dir='ltr'>erant</span> <span class='ocrx_word' id='word_1_43' title='bbox 957 1777 1139 1847; x_wconf 88' lang='lat' dir='ltr'>latronum</span> <span class='ocrx_word' id='word_1_44' title='bbox 1152 1799 1291 1861; x_wconf 88' lang='lat' dir='ltr'>manus,</span> <span class='ocrx_word' id='word_1_45' title='bbox 1310 1795 1411 1869; x_wconf 91' lang='lat' dir='ltr'>rapto</span> <span class='ocrx_word' id='word_1_46' title='bbox 1425 1779 1547 1849; x_wconf 83' lang='lat' dir='ltr'>viven-</span> 
     </span>
     <span class='ocr_line' id='line_1_7' title="bbox 319 1892 1546 1984; baseline 0.001 -20"><span class='ocrx_word' id='word_1_47' title='bbox 319 1894 423 1980; x_wconf 80' lang='lat' dir='ltr'>tium,</span> <span class='ocrx_word' id='word_1_48' title='bbox 439 1893 568 1983; x_wconf 90' lang='lat' dir='ltr'>quibus</span> <span class='ocrx_word' id='word_1_49' title='bbox 592 1916 635 1961; x_wconf 94' lang='lat' dir='ltr'>ne</span> <span class='ocrx_word' id='word_1_50' title='bbox 659 1916 695 1962; x_wconf 92' lang='lat' dir='ltr'>se</span> <span class='ocrx_word' id='word_1_51' title='bbox 713 1894 899 1984; x_wconf 91' lang='lat' dir='ltr'>jungerent</span> <span class='ocrx_word' id='word_1_52' title='bbox 924 1892 1029 1960; x_wconf 91' lang='lat' dir='ltr'>multi</span> <span class='ocrx_word' id='word_1_53' title='bbox 1054 1892 1213 1963; x_wconf 89' lang='lat' dir='ltr'>homines</span> <span class='ocrx_word' id='word_1_54' title='bbox 1237 1892 1428 1980; x_wconf 64' lang='lat' dir='ltr'>rusticani,⁴</span> <span class='ocrx_word' id='word_1_55' title='bbox 1444 1894 1546 1965; x_wconf 88' lang='lat' dir='ltr'>bonis</span> 
     </span>
     <span class='ocr_line' id='line_1_8' title="bbox 320 1989 1547 2097; baseline 0.001 -19"><span class='ocrx_word' id='word_1_56' title='bbox 320 2008 463 2092; x_wconf 90' lang='lat' dir='ltr'>evoluti,</span> <span class='ocrx_word' id='word_1_57' title='bbox 492 2009 632 2078; x_wconf 88' lang='lat' dir='ltr'>consuli</span> <span class='ocrx_word' id='word_1_58' title='bbox 656 2008 850 2088; x_wconf 90' lang='lat' dir='ltr'>timendum</span> <span class='ocrx_word' id='word_1_59' title='bbox 877 2026 966 2077; x_wconf 88' lang='lat' dir='ltr'>erat.</span> <span class='ocrx_word' id='word_1_60' title='bbox 994 2008 1100 2078; x_wconf 90' lang='lat' dir='ltr'>Domi</span> <span class='ocrx_word' id='word_1_61' title='bbox 1110 2025 1230 2081; x_wconf 89' lang='lat' dir='ltr'>autem</span> <span class='ocrx_word' id='word_1_62' title='bbox 1245 2014 1446 2097; x_wconf 18' lang='lat' dir='ltr'>non-minus</span> <span class='ocrx_word' id='word_1_63' title='bbox 1471 1989 1547 2080; x_wconf 81' lang='lat' dir='ltr'>erat</span> 
     </span>
     <span class='ocr_line' id='line_1_9' title="bbox 320 2124 1606 2218; baseline 0.003 -25"><span class='ocrx_word' id='word_1_64' title='bbox 320 2125 507 2193; x_wconf 85' lang='lat' dir='ltr'>metuenda</span> <span class='ocrx_word' id='word_1_65' title='bbox 520 2125 624 2194; x_wconf 91' lang='lat' dir='ltr'>turba</span> <span class='ocrx_word' id='word_1_66' title='bbox 638 2124 890 2216; x_wconf 84' lang='lat' dir='ltr'><strong>gladiatorum,</strong></span> <span class='ocrx_word' id='word_1_67' title='bbox 907 2148 1065 2218; x_wconf 92' lang='lat' dir='ltr'>quorum</span> <span class='ocrx_word' id='word_1_68' title='bbox 1080 2124 1193 2194; x_wconf 89' lang='lat' dir='ltr'>animi</span> <span class='ocrx_word' id='word_1_69' title='bbox 1211 2126 1547 2217; x_wconf 79' lang='lat' dir='ltr'>venales‚.armaque</span> <span class='ocrx_word' id='word_1_70' title='bbox 1603 2124 1606 2128; x_wconf 63' lang='grc'>’</span> 
     </span>
    </p>
   </div>
   <div class='ocr_carea' id='block_1_3' title="bbox 319 2239 1726 2333">
    <p class='ocr_par' dir='ltr' id='par_1_4' title="bbox 319 2239 1726 2333">
     <span class='ocr_line' id='line_1_10' title="bbox 319 2239 1726 2333; baseline 0.003 -24"><span class='ocrx_word' id='word_1_71' title='bbox 319 2240 466 2309; x_wconf 89' lang='lat' dir='ltr'>venalia.</span> <span class='ocrx_word' id='word_1_72' title='bbox 483 2240 642 2332; x_wconf 92' lang='lat' dir='ltr'>Denique</span> <span class='ocrx_word' id='word_1_73' title='bbox 656 2239 773 2331; x_wconf 81' lang='lat' dir='ltr'>Syllae</span> <span class='ocrx_word' id='word_1_74' title='bbox 785 2244 952 2311; x_wconf 90' lang='lat' dir='ltr'>veteranis</span> <span class='ocrx_word' id='word_1_75' title='bbox 969 2241 1140 2311; x_wconf 87' lang='lat' dir='ltr'>militibus</span> <span class='ocrx_word' id='word_1_76' title='bbox 1150 2240 1236 2309; x_wconf 83' lang='lat' dir='ltr'>nihil</span> <span class='ocrx_word' id='word_1_77' title='bbox 1249 2240 1361 2333; x_wconf 92' lang='lat' dir='ltr'>magis</span> <span class='ocrx_word' id='word_1_78' title='bbox 1376 2242 1412 2310; x_wconf 92' lang='lat' dir='ltr'>in</span> <span class='ocrx_word' id='word_1_79' title='bbox 1425 2243 1546 2313; x_wconf 91' lang='lat' dir='ltr'>animo</span> <span class='ocrx_word' id='word_1_80' title='bbox 1616 2240 1619 2243; x_wconf 41' lang='lat'><strong>⁴</strong></span> <span class='ocrx_word' id='word_1_81' title='bbox 1723 2315 1726 2322; x_wconf 69' lang='grc'>,</span> 
     </span>
    </p>
   </div>
   <div class='ocr_carea' id='block_1_4' title="bbox 271 2356 1547 2555">
    <p class='ocr_par' dir='ltr' id='par_1_5' title="bbox 271 2356 1547 2555">
     <span class='ocr_line' id='line_1_11' title="bbox 317 2356 1547 2446; baseline 0 -20"><span class='ocrx_word' id='word_1_82' title='bbox 317 2374 402 2443; x_wconf 87' lang='lat' dir='ltr'>erat,</span> <span class='ocrx_word' id='word_1_83' title='bbox 417 2373 677 2441; x_wconf 82' lang='lat' dir='ltr'>cumvacarent‚</span> <span class='ocrx_word' id='word_1_84' title='bbox 693 2378 815 2446; x_wconf 85' lang='lat' dir='ltr'>quam,</span> <span class='ocrx_word' id='word_1_85' title='bbox 832 2374 928 2426; x_wconf 90' lang='lat' dir='ltr'>moto</span> <span class='ocrx_word' id='word_1_86' title='bbox 945 2358 1052 2444; x_wconf 89' lang='lat' dir='ltr'>bello,</span> <span class='ocrx_word' id='word_1_87' title='bbox 1065 2357 1193 2427; x_wconf 90' lang='lat' dir='ltr'>iterum</span> <span class='ocrx_word' id='word_1_88' title='bbox 1206 2380 1245 2425; x_wconf 85' lang='lat' dir='ltr'>ex</span> <span class='ocrx_word' id='word_1_89' title='bbox 1257 2356 1379 2425; x_wconf 91' lang='lat' dir='ltr'>militia</span> <span class='ocrx_word' id='word_1_90' title='bbox 1392 2357 1547 2427; x_wconf 84' lang='lat' dir='ltr'>fructum</span> 
     </span>
     <span class='ocr_line' id='line_1_12' title="bbox 271 2462 1546 2555; baseline 0 -22"><span class='ocrx_word' id='word_1_91' title='bbox 271 2498 274 2502; x_wconf 92' lang='lat'>·</span> <span class='ocrx_word' id='word_1_92' title='bbox 317 2484 452 2554; x_wconf 87' lang='lat' dir='ltr'>capere.</span> <span class='ocrx_word' id='word_1_93' title='bbox 471 2463 566 2536; x_wconf 91' lang='lat' dir='ltr'>Suus</span> <span class='ocrx_word' id='word_1_94' title='bbox 592 2486 674 2555; x_wconf 90' lang='lat' dir='ltr'>ergo</span> <span class='ocrx_word' id='word_1_95' title='bbox 690 2481 764 2533; x_wconf 94' lang='lat' dir='ltr'>erat</span> <span class='ocrx_word' id='word_1_96' title='bbox 789 2465 1019 2553; x_wconf 87' lang='lat' dir='ltr'>conjurationi</span> <span class='ocrx_word' id='word_1_97' title='bbox 1048 2465 1120 2553; x_wconf 87' lang='lat' dir='ltr'>jam</span> <span class='ocrx_word' id='word_1_98' title='bbox 1146 2462 1249 2553; x_wconf 87' lang='lat' dir='ltr'>quasi</span> <span class='ocrx_word' id='word_1_99' title='bbox 1277 2480 1425 2553; x_wconf 88' lang='lat' dir='ltr'>paratus</span> <span class='ocrx_word' id='word_1_100' title='bbox 1452 2487 1546 2533; x_wconf 84' lang='lat' dir='ltr'>exer·</span> 
     </span>
    </p>
   </div>
   <div class='ocr_carea' id='block_1_5' title="bbox 318 2597 1545 2786">
    <p class='ocr_par' dir='ltr' id='par_1_6' title="bbox 318 2597 1545 2786">
     <span class='ocr_line' id='line_1_13' title="bbox 318 2597 422 2649; baseline -0.019 0"><span class='ocrx_word' id='word_1_101' title='bbox 318 2597 422 2649; x_wconf 88' lang='lat' dir='ltr'>crtus.</span> 
     </span>
     <span class='ocr_line' id='line_1_14' title="bbox 362 2694 1545 2786; baseline 0 -22"><span class='ocrx_word' id='word_1_102' title='bbox 362 2694 428 2764; x_wconf 93' lang='lat' dir='ltr'>Rei</span> <span class='ocrx_word' id='word_1_103' title='bbox 443 2694 604 2784; x_wconf 91' lang='lat' dir='ltr'>publicae</span> <span class='ocrx_word' id='word_1_104' title='bbox 616 2717 699 2763; x_wconf 92' lang='lat' dir='ltr'>vero</span> <span class='ocrx_word' id='word_1_105' title='bbox 714 2712 747 2764; x_wconf 91' lang='lat' dir='ltr'>et</span> <span class='ocrx_word' id='word_1_106' title='bbox 759 2696 895 2765; x_wconf 89' lang='lat' dir='ltr'>senatui</span> <span class='ocrx_word' id='word_1_107' title='bbox 911 2696 979 2765; x_wconf 90' lang='lat' dir='ltr'>hoc</span> <span class='ocrx_word' id='word_1_108' title='bbox 994 2695 1070 2786; x_wconf 92' lang='lat' dir='ltr'>opis</span> <span class='ocrx_word' id='word_1_109' title='bbox 1081 2712 1159 2764; x_wconf 91' lang='lat' dir='ltr'>tum</span> <span class='ocrx_word' id='word_1_110' title='bbox 1172 2718 1242 2764; x_wconf 93' lang='lat' dir='ltr'>non</span> <span class='ocrx_word' id='word_1_111' title='bbox 1258 2712 1332 2764; x_wconf 89' lang='lat' dir='ltr'>erat</span> <span class='ocrx_word' id='word_1_112' title='bbox 1352 2695 1545 2786; x_wconf 90' lang='lat' dir='ltr'>plurimum</span> 
     </span>
    </p>
   </div>
   <div class='ocr_carea' id='block_1_6' title="bbox 318 2801 1573 2902">
    <p class='ocr_par' dir='ltr' id='par_1_7' title="bbox 318 2801 1573 2902">
     <span class='ocr_line' id='line_1_15' title="bbox 318 2801 1573 2902; baseline 0.002 -23"><span class='ocrx_word' id='word_1_113' title='bbox 318 2812 407 2900; x_wconf 83' lang='lat' dir='ltr'>leges</span> <span class='ocrx_word' id='word_1_114' title='bbox 422 2801 518 2901; x_wconf 93' lang='lat' dir='ltr'>apud</span> <span class='ocrx_word' id='word_1_115' title='bbox 532 2810 626 2879; x_wconf 88' lang='lat' dir='ltr'>cives</span> <span class='ocrx_word' id='word_1_116' title='bbox 642 2811 845 2882; x_wconf 89' lang='lat' dir='ltr'>auctoritate</span> <span class='ocrx_word' id='word_1_117' title='bbox 857 2812 987 2881; x_wconf 89' lang='lat' dir='ltr'>valere.</span> <span class='ocrx_word' id='word_1_118' title='bbox 1010 2812 1155 2886; x_wconf 79' lang='lat' dir='ltr'>iamdiu</span> <span class='ocrx_word' id='word_1_119' title='bbox 1172 2811 1275 2897; x_wconf 84' lang='lat' dir='ltr'>enim,</span> <span class='ocrx_word' id='word_1_120' title='bbox 1297 2811 1507 2902; x_wconf 89' lang='lat' dir='ltr'>praesertim</span> <span class='ocrx_word' id='word_1_121' title='bbox 1525 2834 1545 2881; x_wconf 92' lang='lat' dir='ltr'>a</span> <span class='ocrx_word' id='word_1_122' title='bbox 1571 2814 1573 2817; x_wconf 79' lang='grc'><strong>’</strong></span> 
     </span>
    </p>
   </div>
   <div class='ocr_carea' id='block_1_7' title="bbox 315 2926 1547 3366">
    <p class='ocr_par' dir='ltr' id='par_1_8' title="bbox 315 2926 1547 3366">
     <span class='ocr_line' id='line_1_16' title="bbox 317 2926 1544 3020; baseline 0 -23"><span class='ocrx_word' id='word_1_123' title='bbox 317 2926 431 3018; x_wconf 89' lang='lat' dir='ltr'>Syllae</span> <span class='ocrx_word' id='word_1_124' title='bbox 459 2943 629 3017; x_wconf 87' lang='lat' dir='ltr'>tempore,</span> <span class='ocrx_word' id='word_1_125' title='bbox 663 2927 780 3020; x_wconf 88' lang='lat' dir='ltr'>legum</span> <span class='ocrx_word' id='word_1_126' title='bbox 807 2928 997 2998; x_wconf 78' lang='lat' dir='ltr'>auctoritas</span> <span class='ocrx_word' id='word_1_127' title='bbox 1030 2927 1142 3019; x_wconf 79' lang='lat' dir='ltr'>frangi</span> <span class='ocrx_word' id='word_1_128' title='bbox 1172 2942 1296 3018; x_wconf 89' lang='lat' dir='ltr'>coepta</span> <span class='ocrx_word' id='word_1_129' title='bbox 1336 2944 1419 2998; x_wconf 89' lang='lat' dir='ltr'>erat.</span> <span class='ocrx_word' id='word_1_130' title='bbox 1452 2930 1544 3015; x_wconf 88' lang='lat' dir='ltr'>Nam</span> 
     </span>
     <span class='ocr_line' id='line_1_17' title="bbox 316 3043 1547 3136; baseline 0.003 -25"><span class='ocrx_word' id='word_1_131' title='bbox 316 3043 447 3134; x_wconf 93' lang='lat' dir='ltr'>legibus</span> <span class='ocrx_word' id='word_1_132' title='bbox 460 3060 535 3112; x_wconf 91' lang='lat' dir='ltr'>tam</span> <span class='ocrx_word' id='word_1_133' title='bbox 549 3043 694 3136; x_wconf 88' lang='lat' dir='ltr'>graviter</span> <span class='ocrx_word' id='word_1_134' title='bbox 709 3043 809 3113; x_wconf 91' lang='lat' dir='ltr'>abusi</span> <span class='ocrx_word' id='word_1_135' title='bbox 826 3062 922 3114; x_wconf 90' lang='lat' dir='ltr'>erant</span> <span class='ocrx_word' id='word_1_136' title='bbox 949 3044 1048 3135; x_wconf 89' lang='lat' dir='ltr'>Sylla</span> <span class='ocrx_word' id='word_1_137' title='bbox 1072 3043 1218 3135; x_wconf 84' lang='lat' dir='ltr'>aliique,</span> <span class='ocrx_word' id='word_1_138' title='bbox 1234 3061 1269 3113; x_wconf 91' lang='lat' dir='ltr'>et</span> <span class='ocrx_word' id='word_1_139' title='bbox 1282 3043 1385 3113; x_wconf 88' lang='lat' dir='ltr'>simul</span> <span class='ocrx_word' id='word_1_140' title='bbox 1401 3062 1475 3115; x_wconf 92' lang='lat' dir='ltr'>tam</span> <span class='ocrx_word' id='word_1_141' title='bbox 1497 3044 1547 3115; x_wconf 83' lang='lat' dir='ltr'>fa·</span> 
     </span>
     <span class='ocr_line' id='line_1_18' title="bbox 315 3159 1545 3251; baseline 0.001 -23"><span class='ocrx_word' id='word_1_142' title='bbox 315 3159 380 3228; x_wconf 88' lang='lat' dir='ltr'>cile</span> <span class='ocrx_word' id='word_1_143' title='bbox 391 3178 511 3228; x_wconf 86' lang='lat' dir='ltr'>contra</span> <span class='ocrx_word' id='word_1_144' title='bbox 526 3161 622 3251; x_wconf 89' lang='lat' dir='ltr'>leges</span> <span class='ocrx_word' id='word_1_145' title='bbox 637 3181 702 3249; x_wconf 90' lang='lat' dir='ltr'>pro</span> <span class='ocrx_word' id='word_1_146' title='bbox 718 3159 896 3228; x_wconf 89' lang='lat' dir='ltr'>voluntate</span> <span class='ocrx_word' id='word_1_147' title='bbox 912 3183 948 3228; x_wconf 90' lang='lat' dir='ltr'>se</span> <span class='ocrx_word' id='word_1_148' title='bbox 967 3176 1160 3249; x_wconf 78' lang='lat' dir='ltr'>gesserant,</span> <span class='ocrx_word' id='word_1_149' title='bbox 1184 3176 1223 3228; x_wconf 91' lang='lat' dir='ltr'>ut</span> <span class='ocrx_word' id='word_1_150' title='bbox 1236 3159 1291 3228; x_wconf 91' lang='lat' dir='ltr'>vis</span> <span class='ocrx_word' id='word_1_151' title='bbox 1305 3182 1429 3229; x_wconf 87' lang='lat' dir='ltr'>earum</span> <span class='ocrx_word' id='word_1_152' title='bbox 1444 3182 1545 3230; x_wconf 91' lang='lat' dir='ltr'>ener-</span> 
     </span>
     <span class='ocr_line' id='line_1_19' title="bbox 317 3267 1540 3366; baseline 0.002 -23"><span class='ocrx_word' id='word_1_153' title='bbox 317 3292 462 3344; x_wconf 90' lang='lat' dir='ltr'>varetur.</span> <span class='ocrx_word' id='word_1_154' title='bbox 479 3277 606 3365; x_wconf 88' lang='lat' dir='ltr'>Neque</span> <span class='ocrx_word' id='word_1_155' title='bbox 622 3273 752 3345; x_wconf 83' lang='lat' dir='ltr'>inloto</span> <span class='ocrx_word' id='word_1_156' title='bbox 767 3298 880 3366; x_wconf 91' lang='lat' dir='ltr'>neque</span> <span class='ocrx_word' id='word_1_157' title='bbox 897 3276 931 3343; x_wconf 92' lang='lat' dir='ltr'>in</span> <span class='ocrx_word' id='word_1_158' title='bbox 947 3274 1088 3365; x_wconf 90' lang='lat' dir='ltr'>Campo</span> <span class='ocrx_word' id='word_1_159' title='bbox 1109 3274 1244 3344; x_wconf 88' lang='lat' dir='ltr'>Martio</span> <span class='ocrx_word' id='word_1_160' title='bbox 1257 3274 1288 3343; x_wconf 91' lang='lat' dir='ltr'>is</span> <span class='ocrx_word' id='word_1_161' title='bbox 1302 3275 1440 3345; x_wconf 89' lang='lat' dir='ltr'>vincere</span> <span class='ocrx_word' id='word_1_162' title='bbox 1456 3267 1540 3345; x_wconf 90' lang='lat' dir='ltr'>sole·</span> 
     </span>
    </p>
   </div>
   <div class='ocr_carea' id='block_1_8' title="bbox 316 3389 1675 3481">
    <p class='ocr_par' dir='ltr' id='par_1_9' title="bbox 316 3389 1675 3481">
     <span class='ocr_line' id='line_1_20' title="bbox 316 3389 1675 3481; baseline 0 -21"><span class='ocrx_word' id='word_1_163' title='bbox 316 3390 387 3470; x_wconf 86' lang='lat' dir='ltr'>bat,</span> <span class='ocrx_word' id='word_1_164' title='bbox 403 3389 460 3459; x_wconf 90' lang='lat' dir='ltr'>cui</span> <span class='ocrx_word' id='word_1_165' title='bbox 474 3390 587 3459; x_wconf 86' lang='lat' dir='ltr'>virtus</span> <span class='ocrx_word' id='word_1_166' title='bbox 614 3391 727 3480; x_wconf 88' lang='lat' dir='ltr'>major</span> <span class='ocrx_word' id='word_1_167' title='bbox 755 3410 845 3460; x_wconf 89' lang='lat' dir='ltr'>esset</span> <span class='ocrx_word' id='word_1_168' title='bbox 869 3408 930 3460; x_wconf 91' lang='lat' dir='ltr'>aut</span> <span class='ocrx_word' id='word_1_169' title='bbox 945 3406 1050 3466; x_wconf 84' lang='lat' dir='ltr'>causa</span> <span class='ocrx_word' id='word_1_170' title='bbox 1073 3390 1205 3470; x_wconf 91' lang='lat' dir='ltr'>melior,</span> <span class='ocrx_word' id='word_1_171' title='bbox 1237 3389 1299 3458; x_wconf 91' lang='lat' dir='ltr'>sed</span> <span class='ocrx_word' id='word_1_172' title='bbox 1314 3390 1377 3481; x_wconf 89' lang='lat' dir='ltr'>qui</span> <span class='ocrx_word' id='word_1_173' title='bbox 1395 3392 1544 3476; x_wconf 80' lang='lat' dir='ltr'>audacia</span> <span class='ocrx_word' id='word_1_174' title='bbox 1653 3410 1675 3457; x_wconf 92' lang='grc'>.·</span> 
     </span>
    </p>
   </div>
   <div class='ocr_carea' id='block_1_9' title="bbox 311 3505 1544 4984">
    <p class='ocr_par' dir='ltr' id='par_1_10' title="bbox 316 3505 1544 3714">
     <span class='ocr_line' id='line_1_21' title="bbox 317 3505 1544 3598; baseline 0.001 -24"><span class='ocrx_word' id='word_1_175' title='bbox 317 3505 372 3574; x_wconf 93' lang='lat' dir='ltr'>vel</span> <span class='ocrx_word' id='word_1_176' title='bbox 387 3528 533 3575; x_wconf 89' lang='lat' dir='ltr'>suorum</span> <span class='ocrx_word' id='word_1_177' title='bbox 545 3506 653 3575; x_wconf 93' lang='lat' dir='ltr'>turba</span> <span class='ocrx_word' id='word_1_178' title='bbox 673 3507 822 3596; x_wconf 89' lang='lat' dir='ltr'>polleret</span> <span class='ocrx_word' id='word_1_179' title='bbox 836 3507 889 3576; x_wconf 91' lang='lat' dir='ltr'>vel</span> <span class='ocrx_word' id='word_1_180' title='bbox 905 3509 1010 3576; x_wconf 89' lang='lat' dir='ltr'>etiam</span> <span class='ocrx_word' id='word_1_181' title='bbox 1034 3505 1231 3598; x_wconf 83' lang='lat' dir='ltr'>largitione.</span> <span class='ocrx_word' id='word_1_182' title='bbox 1257 3507 1353 3576; x_wconf 92' lang='lat' dir='ltr'>Nam</span> <span class='ocrx_word' id='word_1_183' title='bbox 1378 3529 1442 3575; x_wconf 88' lang='lat' dir='ltr'>sua</span> <span class='ocrx_word' id='word_1_184' title='bbox 1455 3530 1544 3576; x_wconf 90' lang='lat' dir='ltr'>ven-</span> 
     </span>
     <span class='ocr_line' id='line_1_22' title="bbox 316 3620 778 3714; baseline 0.004 -24"><span class='ocrx_word' id='word_1_185' title='bbox 316 3621 417 3690; x_wconf 91' lang='lat' dir='ltr'>debat</span> <span class='ocrx_word' id='word_1_186' title='bbox 431 3622 585 3712; x_wconf 89' lang='lat' dir='ltr'>populus</span> <span class='ocrx_word' id='word_1_187' title='bbox 601 3620 778 3714; x_wconf 86' lang='lat' dir='ltr'>suffragia.</span> 
     </span>
    </p>

    <p class='ocr_par' dir='ltr' id='par_1_11' title="bbox 311 3735 1544 4174">
     <span class='ocr_line' id='line_1_23' title="bbox 361 3735 1542 3829; baseline -0.001 -24"><span class='ocrx_word' id='word_1_188' title='bbox 361 3738 495 3826; x_wconf 82' lang='lat' dir='ltr'>ltaque,</span> <span class='ocrx_word' id='word_1_189' title='bbox 511 3736 693 3806; x_wconf 91' lang='lat' dir='ltr'>imminuta</span> <span class='ocrx_word' id='word_1_190' title='bbox 709 3737 882 3829; x_wconf 89' lang='lat' dir='ltr'>quasique</span> <span class='ocrx_word' id='word_1_191' title='bbox 902 3737 1011 3808; x_wconf 85' lang='lat' dir='ltr'>fracta</span> <span class='ocrx_word' id='word_1_192' title='bbox 1028 3739 1144 3828; x_wconf 86' lang='lat' dir='ltr'>legum</span> <span class='ocrx_word' id='word_1_193' title='bbox 1158 3735 1341 3828; x_wconf 89' lang='lat' dir='ltr'>religione,</span> <span class='ocrx_word' id='word_1_194' title='bbox 1367 3759 1436 3826; x_wconf 91' lang='lat' dir='ltr'>qua</span> <span class='ocrx_word' id='word_1_195' title='bbox 1454 3736 1542 3804; x_wconf 91' lang='lat' dir='ltr'>mul·</span> 
     </span>
     <span class='ocr_line' id='line_1_24' title="bbox 314 3851 1544 3945; baseline -0.002 -25"><span class='ocrx_word' id='word_1_196' title='bbox 314 3867 390 3920; x_wconf 90' lang='lat' dir='ltr'>tum</span> <span class='ocrx_word' id='word_1_197' title='bbox 405 3851 428 3920; x_wconf 91' lang='lat' dir='ltr'>ii</span> <span class='ocrx_word' id='word_1_198' title='bbox 444 3853 556 3921; x_wconf 90' lang='lat' dir='ltr'>valere</span> <span class='ocrx_word' id='word_1_199' title='bbox 569 3853 679 3921; x_wconf 90' lang='lat' dir='ltr'>solent</span> <span class='ocrx_word' id='word_1_200' title='bbox 696 3852 828 3943; x_wconf 91' lang='lat' dir='ltr'>quibus</span> <span class='ocrx_word' id='word_1_201' title='bbox 843 3852 967 3922; x_wconf 83' lang='lat' dir='ltr'>civitas</span> <span class='ocrx_word' id='word_1_202' title='bbox 985 3870 1037 3922; x_wconf 90' lang='lat' dir='ltr'>est</span> <span class='ocrx_word' id='word_1_203' title='bbox 1057 3851 1284 3945; x_wconf 91' lang='lat' dir='ltr'>gubernanda</span> <span class='ocrx_word' id='word_1_204' title='bbox 1309 3868 1413 3940; x_wconf 88' lang='lat' dir='ltr'>atque</span> <span class='ocrx_word' id='word_1_205' title='bbox 1429 3851 1544 3919; x_wconf 84' lang='lat' dir='ltr'>defen·</span> 
     </span>
     <span class='ocr_line' id='line_1_25' title="bbox 311 3965 1543 4058; baseline 0 -23"><span class='ocrx_word' id='word_1_206' title='bbox 311 3966 443 4053; x_wconf 90' lang='lat' dir='ltr'>denda,</span> <span class='ocrx_word' id='word_1_207' title='bbox 472 3967 556 4036; x_wconf 90' lang='lat' dir='ltr'>nihil</span> <span class='ocrx_word' id='word_1_208' title='bbox 582 3967 677 4036; x_wconf 90' lang='lat' dir='ltr'>aliud</span> <span class='ocrx_word' id='word_1_209' title='bbox 700 3967 835 4037; x_wconf 87' lang='lat' dir='ltr'>senatui</span> <span class='ocrx_word' id='word_1_210' title='bbox 859 3968 1063 4058; x_wconf 91' lang='lat' dir='ltr'>consulique</span> <span class='ocrx_word' id='word_1_211' title='bbox 1092 3966 1273 4058; x_wconf 91' lang='lat' dir='ltr'>reliquum</span> <span class='ocrx_word' id='word_1_212' title='bbox 1303 3984 1388 4048; x_wconf 90' lang='lat' dir='ltr'>erat,</span> <span class='ocrx_word' id='word_1_213' title='bbox 1419 3965 1486 4034; x_wconf 92' lang='lat' dir='ltr'>nisi</span> <span class='ocrx_word' id='word_1_214' title='bbox 1507 3983 1543 4035; x_wconf 92' lang='lat' dir='ltr'>ut</span> 
     </span>
     <span class='ocr_line' id='line_1_26' title="bbox 317 4081 865 4174; baseline 0.005 -24"><span class='ocrx_word' id='word_1_215' title='bbox 317 4081 449 4151; x_wconf 91' lang='lat' dir='ltr'>viribus</span> <span class='ocrx_word' id='word_1_216' title='bbox 463 4082 643 4173; x_wconf 85' lang='lat' dir='ltr'>copiisque</span> <span class='ocrx_word' id='word_1_217' title='bbox 660 4098 865 4174; x_wconf 89' lang='lat' dir='ltr'>praestaret.</span> 
     </span>
    </p>

    <p class='ocr_par' dir='ltr' id='par_1_12' title="bbox 315 4197 1544 4752">
     <span class='ocr_line' id='line_1_27' title="bbox 359 4197 1544 4288; baseline -0.002 -20"><span class='ocrx_word' id='word_1_218' title='bbox 359 4200 408 4268; x_wconf 86' lang='lat' dir='ltr'>At</span> <span class='ocrx_word' id='word_1_219' title='bbox 424 4199 522 4267; x_wconf 93' lang='lat' dir='ltr'>nulla</span> <span class='ocrx_word' id='word_1_220' title='bbox 535 4198 605 4267; x_wconf 87' lang='lat' dir='ltr'>fere</span> <span class='ocrx_word' id='word_1_221' title='bbox 629 4201 764 4268; x_wconf 91' lang='lat' dir='ltr'>Romae</span> <span class='ocrx_word' id='word_1_222' title='bbox 788 4198 974 4288; x_wconf 90' lang='lat' dir='ltr'>praesidia,</span> <span class='ocrx_word' id='word_1_223' title='bbox 993 4198 1115 4267; x_wconf 88' lang='lat' dir='ltr'>nullae</span> <span class='ocrx_word' id='word_1_224' title='bbox 1138 4197 1274 4288; x_wconf 87' lang='lat' dir='ltr'>copiae.</span> <span class='ocrx_word' id='word_1_225' title='bbox 1291 4198 1406 4267; x_wconf 91' lang='lat' dir='ltr'>Immo</span> <span class='ocrx_word' id='word_1_226' title='bbox 1425 4198 1544 4267; x_wconf 90' lang='lat' dir='ltr'>nullus</span> 
     </span>
     <span class='ocr_line' id='line_1_28' title="bbox 316 4313 1544 4405; baseline 0 -23"><span class='ocrx_word' id='word_1_227' title='bbox 316 4313 441 4382; x_wconf 89' lang='lat' dir='ltr'>eratin</span> <span class='ocrx_word' id='word_1_228' title='bbox 457 4313 559 4383; x_wconf 89' lang='lat' dir='ltr'>ltalia</span> <span class='ocrx_word' id='word_1_229' title='bbox 575 4314 755 4384; x_wconf 85' lang='lat' dir='ltr'>exercitus.</span> <span class='ocrx_word' id='word_1_230' title='bbox 785 4314 882 4405; x_wconf 92' lang='lat' dir='ltr'>Quid</span> <span class='ocrx_word' id='word_1_231' title='bbox 897 4319 1029 4405; x_wconf 77' lang='lat' dir='ltr'>porro?</span> <span class='ocrx_word' id='word_1_232' title='bbox 1056 4315 1140 4386; x_wconf 93' lang='lat' dir='ltr'>Non</span> <span class='ocrx_word' id='word_1_233' title='bbox 1161 4313 1233 4382; x_wconf 91' lang='lat' dir='ltr'>alio</span> <span class='ocrx_word' id='word_1_234' title='bbox 1259 4313 1364 4382; x_wconf 91' lang='lat' dir='ltr'>modo</span> <span class='ocrx_word' id='word_1_235' title='bbox 1389 4337 1424 4383; x_wconf 90' lang='lat' dir='ltr'>se</span> <span class='ocrx_word' id='word_1_236' title='bbox 1440 4336 1544 4383; x_wconf 90' lang='lat' dir='ltr'>sena-</span> 
     </span>
     <span class='ocr_line' id='line_1_29' title="bbox 315 4429 1543 4521; baseline 0 -24"><span class='ocrx_word' id='word_1_237' title='bbox 315 4445 463 4518; x_wconf 91' lang='lat' dir='ltr'>tumque</span> <span class='ocrx_word' id='word_1_238' title='bbox 478 4429 569 4498; x_wconf 91' lang='lat' dir='ltr'>tueri</span> <span class='ocrx_word' id='word_1_239' title='bbox 589 4429 684 4499; x_wconf 89' lang='lat' dir='ltr'>domi</span> <span class='ocrx_word' id='word_1_240' title='bbox 706 4446 841 4521; x_wconf 89' lang='lat' dir='ltr'>poterat</span> <span class='ocrx_word' id='word_1_241' title='bbox 862 4430 988 4498; x_wconf 88' lang='lat' dir='ltr'>consul</span> <span class='ocrx_word' id='word_1_242' title='bbox 1008 4429 1076 4498; x_wconf 88' lang='lat' dir='ltr'>nisi</span> <span class='ocrx_word' id='word_1_243' title='bbox 1103 4429 1281 4521; x_wconf 88' lang='lat' dir='ltr'>praesidio</span> <span class='ocrx_word' id='word_1_244' title='bbox 1298 4429 1543 4520; x_wconf 89' lang='lat' dir='ltr'>apparitorum</span> 
     </span>
     <span class='ocr_line' id='line_1_30' title="bbox 315 4532 1543 4636; baseline -0.001 -23"><span class='ocrx_word' id='word_1_245' title='bbox 315 4562 466 4627; x_wconf 88' lang='lat' dir='ltr'>senatus,</span> <span class='ocrx_word' id='word_1_246' title='bbox 484 4567 663 4614; x_wconf 89' lang='lat' dir='ltr'>servorum</span> <span class='ocrx_word' id='word_1_247' title='bbox 676 4544 1189 4636; x_wconf 79' lang='lat' dir='ltr'>publicorum‚praesertimque</span> <span class='ocrx_word' id='word_1_248' title='bbox 1200 4532 1334 4626; x_wconf 86' lang='lat' dir='ltr'>eorum,</span> <span class='ocrx_word' id='word_1_249' title='bbox 1350 4545 1412 4636; x_wconf 92' lang='lat' dir='ltr'>qui</span> <span class='ocrx_word' id='word_1_250' title='bbox 1422 4560 1543 4634; x_wconf 89' lang='lat' dir='ltr'>sponte</span> 
     </span>
     <span class='ocr_line' id='line_1_31' title="bbox 315 4659 1178 4752; baseline -0.002 -23"><span class='ocrx_word' id='word_1_251' title='bbox 315 4660 360 4729; x_wconf 94' lang='lat' dir='ltr'>ad</span> <span class='ocrx_word' id='word_1_252' title='bbox 373 4682 450 4730; x_wconf 91' lang='lat' dir='ltr'>rem</span> <span class='ocrx_word' id='word_1_253' title='bbox 476 4660 656 4752; x_wconf 89' lang='lat' dir='ltr'>publicam</span> <span class='ocrx_word' id='word_1_254' title='bbox 670 4659 925 4730; x_wconf 82' lang='lat' dir='ltr'>defendendam</span> <span class='ocrx_word' id='word_1_255' title='bbox 945 4676 1178 4730; x_wconf 89' lang='lat' dir='ltr'>accurrerent.</span> 
     </span>
    </p>

    <p class='ocr_par' dir='ltr' id='par_1_13' title="bbox 315 4772 1543 4984">
     <span class='ocr_line' id='line_1_32' title="bbox 361 4772 1543 4868; baseline -0.003 -23"><span class='ocrx_word' id='word_1_256' title='bbox 361 4775 481 4868; x_wconf 91' lang='lat' dir='ltr'>Quam</span> <span class='ocrx_word' id='word_1_257' title='bbox 496 4777 543 4846; x_wconf 94' lang='lat' dir='ltr'>ob</span> <span class='ocrx_word' id='word_1_258' title='bbox 556 4798 632 4845; x_wconf 91' lang='lat' dir='ltr'>rem</span> <span class='ocrx_word' id='word_1_259' title='bbox 644 4777 764 4866; x_wconf 86' lang='lat' dir='ltr'>plures</span> <span class='ocrx_word' id='word_1_260' title='bbox 778 4793 991 4857; x_wconf 89' lang='lat' dir='ltr'>senatorum,</span> <span class='ocrx_word' id='word_1_261' title='bbox 1007 4791 1045 4844; x_wconf 91' lang='lat' dir='ltr'>ut</span> <span class='ocrx_word' id='word_1_262' title='bbox 1060 4798 1099 4845; x_wconf 89' lang='lat' dir='ltr'>ex</span> <span class='ocrx_word' id='word_1_263' title='bbox 1115 4791 1241 4866; x_wconf 93' lang='lat' dir='ltr'>quarta</span> <span class='ocrx_word' id='word_1_264' title='bbox 1255 4772 1454 4844; x_wconf 89' lang='lat' dir='ltr'>Catilinaria</span> <span class='ocrx_word' id='word_1_265' title='bbox 1469 4796 1543 4842; x_wconf 89' lang='lat' dir='ltr'>ora-</span> 
     </span>
     <span class='ocr_line' id='line_1_33' title="bbox 315 4888 1543 4984; baseline -0.002 -22"><span class='ocrx_word' id='word_1_266' title='bbox 315 4891 414 4962; x_wconf 91' lang='lat' dir='ltr'>tione</span> <span class='ocrx_word' id='word_1_267' title='bbox 429 4908 590 4984; x_wconf 80' lang='lat' dir='ltr'>apparet‚</span> <span class='ocrx_word' id='word_1_268' title='bbox 604 4890 716 4960; x_wconf 85' lang='lat' dir='ltr'>occidi</span> <span class='ocrx_word' id='word_1_269' title='bbox 730 4891 931 4981; x_wconf 81' lang='lat' dir='ltr'>conjuratos</span> <span class='ocrx_word' id='word_1_270' title='bbox 946 4890 1340 4980; x_wconf 78' lang='lat' dir='ltr'>juberecunctabantur‚</span> <span class='ocrx_word' id='word_1_271' title='bbox 1350 4888 1435 4981; x_wconf 90' lang='lat' dir='ltr'>quia</span> <span class='ocrx_word' id='word_1_272' title='bbox 1449 4910 1543 4959; x_wconf 89' lang='lat' dir='ltr'>vere·</span> 
     </span>
    </p>
   </div>
   <div class='ocr_carea' id='block_1_10' title="bbox 0 0 1868 6050">
    <p class='ocr_par' dir='ltr' id='par_1_14' title="bbox 0 0 1868 6050">
     <span class='ocr_line' id='line_1_34' title="bbox 0 0 1868 6050; baseline 0 2"><span class='ocrx_word' id='word_1_273' title='bbox 0 0 1868 6050; x_wconf 95' lang='lat' dir='ltr'> </span> 
     </span>
    </p>
   </div>
  </div>
 </body>
</html>
