<?xml version="1.0" encoding="UTF-8"?>
<!DOCTYPE html PUBLIC "-//W3C//DTD XHTML 1.0 Transitional//EN"
    "http://www.w3.org/TR/xhtml1/DTD/xhtml1-transitional.dtd">
<html xmlns="http://www.w3.org/1999/xhtml" xml:lang="en" lang="en">
 <head>
  <title>
</title>
<meta http-equiv="Content-Type" content="text/html;charset=utf-8" />
  <meta name='ocr-system' content='tesseract 3.04.00' />
  <meta name='ocr-capabilities' content='ocr_page ocr_carea ocr_par ocr_line ocrx_word'/>
</head>
<body>
  <div class='ocr_page' id='page_1' title='image "./numlegitimeprud00bertgoog_0025.png"; bbox 0 0 3725 6050; ppageno 0'>
   <div class='ocr_carea' id='block_1_1' title="bbox 839 851 1036 939">
    <p class='ocr_par' dir='ltr' id='par_1_1' title="bbox 839 851 1036 939">
     <span class='ocr_line' id='line_1_1' title="bbox 839 851 1036 939; baseline 0 -44"><span class='ocrx_word' id='word_1_1' title='bbox 839 851 1036 939; x_wconf 57' lang='lat'>“¹7“</span> 
     </span>
    </p>
   </div>
   <div class='ocr_carea' id='block_1_2' title="bbox 316 1014 1551 3284">
    <p class='ocr_par' dir='ltr' id='par_1_2' title="bbox 323 1014 1550 1219">
     <span class='ocr_line' id='line_1_2' title="bbox 323 1014 1550 1111; baseline 0.007 -30"><span class='ocrx_word' id='word_1_2' title='bbox 323 1014 425 1082; x_wconf 90' lang='lat' dir='ltr'>etiam</span> <span class='ocrx_word' id='word_1_3' title='bbox 445 1014 603 1104; x_wconf 84' lang='lat' dir='ltr'>quaestio</span> <span class='ocrx_word' id='word_1_4' title='bbox 619 1032 783 1106; x_wconf 89' lang='lat' dir='ltr'>perpetua</span> <span class='ocrx_word' id='word_1_5' title='bbox 802 1014 1058 1103; x_wconf 83' lang='lat' dir='ltr'>institueretur3</span> <span class='ocrx_word' id='word_1_6' title='bbox 1074 1024 1150 1087; x_wconf 87' lang='lat' dir='ltr'>erat</span> <span class='ocrx_word' id='word_1_7' title='bbox 1169 1034 1290 1086; x_wconf 86' lang='lat' dir='ltr'>autem</span> <span class='ocrx_word' id='word_1_8' title='bbox 1311 1040 1423 1107; x_wconf 89' lang='lat' dir='ltr'>poena</span> <span class='ocrx_word' id='word_1_9' title='bbox 1439 1020 1550 1111; x_wconf 90' lang='lat' dir='ltr'>parri·</span> 
     </span>
     <span class='ocr_line' id='line_1_3' title="bbox 323 1128 1523 1219; baseline 0.008 -24"><span class='ocrx_word' id='word_1_10' title='bbox 323 1128 404 1197; x_wconf 92' lang='lat' dir='ltr'>cidii</span> <span class='ocrx_word' id='word_1_11' title='bbox 421 1152 517 1199; x_wconf 89' lang='lat' dir='ltr'>mors</span> <span class='ocrx_word' id='word_1_12' title='bbox 538 1133 593 1219; x_wconf 86' lang='lat' dir='ltr'>(r).</span> <span class='ocrx_word' id='word_1_13' title='bbox 1521 1213 1523 1217; x_wconf 17' lang='lat'><strong><em>¹</em></strong></span> 
     </span>
    </p>

    <p class='ocr_par' dir='ltr' id='par_1_3' title="bbox 321 1246 1551 2031">
     <span class='ocr_line' id='line_1_4' title="bbox 370 1246 1551 1341; baseline 0.006 -29"><span class='ocrx_word' id='word_1_14' title='bbox 370 1246 475 1336; x_wconf 86' lang='lat' dir='ltr'>Ergo,</span> <span class='ocrx_word' id='word_1_15' title='bbox 500 1269 570 1315; x_wconf 91' lang='lat' dir='ltr'>non</span> <span class='ocrx_word' id='word_1_16' title='bbox 596 1246 816 1316; x_wconf 87' lang='lat' dir='ltr'>obstantibus</span> <span class='ocrx_word' id='word_1_17' title='bbox 854 1248 896 1315; x_wconf 91' lang='lat' dir='ltr'>de</span> <span class='ocrx_word' id='word_1_18' title='bbox 923 1248 1170 1337; x_wconf 91' lang='lat' dir='ltr'>provocatione</span> <span class='ocrx_word' id='word_1_19' title='bbox 1198 1249 1347 1341; x_wconf 87' lang='lat' dir='ltr'>legibus,</span> <span class='ocrx_word' id='word_1_20' title='bbox 1379 1250 1551 1338; x_wconf 89' lang='lat' dir='ltr'>judicibus</span> 
     </span>
     <span class='ocr_line' id='line_1_5' title="bbox 322 1361 1548 1455; baseline 0.007 -28"><span class='ocrx_word' id='word_1_21' title='bbox 322 1361 567 1449; x_wconf 83' lang='lat' dir='ltr'>quaestionum</span> <span class='ocrx_word' id='word_1_22' title='bbox 595 1379 844 1452; x_wconf 84' lang='lat' dir='ltr'>perpetuarum</span> <span class='ocrx_word' id='word_1_23' title='bbox 875 1381 984 1454; x_wconf 88' lang='lat' dir='ltr'>atque</span> <span class='ocrx_word' id='word_1_24' title='bbox 1016 1364 1120 1432; x_wconf 91' lang='lat' dir='ltr'>etiam</span> <span class='ocrx_word' id='word_1_25' title='bbox 1152 1364 1217 1432; x_wconf 91' lang='lat' dir='ltr'>cui</span> <span class='ocrx_word' id='word_1_26' title='bbox 1238 1382 1330 1433; x_wconf 91' lang='lat' dir='ltr'>esset</span> <span class='ocrx_word' id='word_1_27' title='bbox 1362 1366 1548 1455; x_wconf 88' lang='lat' dir='ltr'>imperium</span> 
     </span>
     <span class='ocr_line' id='line_1_6' title="bbox 322 1475 1551 1571; baseline 0.005 -28"><span class='ocrx_word' id='word_1_28' title='bbox 322 1475 481 1560; x_wconf 91' lang='lat' dir='ltr'>militare,</span> <span class='ocrx_word' id='word_1_29' title='bbox 499 1494 532 1546; x_wconf 91' lang='lat' dir='ltr'>et</span> <span class='ocrx_word' id='word_1_30' title='bbox 547 1477 799 1567; x_wconf 82' lang='lat' dir='ltr'>patrifamilias,</span> <span class='ocrx_word' id='word_1_31' title='bbox 818 1496 850 1547; x_wconf 91' lang='lat' dir='ltr'>et</span> <span class='ocrx_word' id='word_1_32' title='bbox 865 1478 1028 1547; x_wconf 83' lang='lat' dir='ltr'>Pontifici</span> <span class='ocrx_word' id='word_1_33' title='bbox 1048 1479 1215 1564; x_wconf 86' lang='lat' dir='ltr'>Maximo,</span> <span class='ocrx_word' id='word_1_34' title='bbox 1234 1479 1276 1549; x_wconf 88' lang='lat' dir='ltr'>de</span> <span class='ocrx_word' id='word_1_35' title='bbox 1300 1481 1408 1571; x_wconf 89' lang='lat' dir='ltr'>capite</span> <span class='ocrx_word' id='word_1_36' title='bbox 1424 1481 1551 1551; x_wconf 90' lang='lat' dir='ltr'>civium</span> 
     </span>
     <span class='ocr_line' id='line_1_7' title="bbox 322 1592 1549 1687; baseline 0.006 -28"><span class='ocrx_word' id='word_1_37' title='bbox 322 1614 422 1682; x_wconf 86' lang='lat' dir='ltr'>agere</span> <span class='ocrx_word' id='word_1_38' title='bbox 450 1592 586 1662; x_wconf 87' lang='lat' dir='ltr'>licebat.</span> <span class='ocrx_word' id='word_1_39' title='bbox 613 1594 664 1662; x_wconf 88' lang='lat' dir='ltr'>Ex</span> <span class='ocrx_word' id='word_1_40' title='bbox 689 1617 761 1683; x_wconf 94' lang='lat' dir='ltr'>quo</span> <span class='ocrx_word' id='word_1_41' title='bbox 788 1611 880 1664; x_wconf 86' lang='lat' dir='ltr'>recte</span> <span class='ocrx_word' id='word_1_42' title='bbox 906 1595 1051 1686; x_wconf 86' lang='lat' dir='ltr'>colligas</span> <span class='ocrx_word' id='word_1_43' title='bbox 1071 1618 1130 1664; x_wconf 90' lang='lat' dir='ltr'>eas</span> <span class='ocrx_word' id='word_1_44' title='bbox 1154 1597 1244 1687; x_wconf 88' lang='lat' dir='ltr'>leges</span> <span class='ocrx_word' id='word_1_45' title='bbox 1269 1620 1308 1664; x_wconf 91' lang='lat' dir='ltr'>eo</span> <span class='ocrx_word' id='word_1_46' title='bbox 1339 1620 1445 1665; x_wconf 90' lang='lat' dir='ltr'>sensu</span> <span class='ocrx_word' id='word_1_47' title='bbox 1472 1620 1549 1667; x_wconf 87' lang='lat' dir='ltr'>esse</span> 
     </span>
     <span class='ocr_line' id='line_1_8' title="bbox 323 1708 1549 1806; baseline 0.006 -31"><span class='ocrx_word' id='word_1_48' title='bbox 323 1708 586 1798; x_wconf 83' lang='lat' dir='ltr'>intellegendas,</span> <span class='ocrx_word' id='word_1_49' title='bbox 610 1726 646 1777; x_wconf 92' lang='lat' dir='ltr'>ut</span> <span class='ocrx_word' id='word_1_50' title='bbox 670 1708 712 1778; x_wconf 89' lang='lat' dir='ltr'>de</span> <span class='ocrx_word' id='word_1_51' title='bbox 732 1710 839 1800; x_wconf 88' lang='lat' dir='ltr'>capite</span> <span class='ocrx_word' id='word_1_52' title='bbox 854 1711 987 1779; x_wconf 91' lang='lat' dir='ltr'>civium</span> <span class='ocrx_word' id='word_1_53' title='bbox 1007 1712 1062 1801; x_wconf 81' lang='lat' dir='ltr'>agi</span> <span class='ocrx_word' id='word_1_54' title='bbox 1087 1711 1161 1779; x_wconf 91' lang='lat' dir='ltr'>sine</span> <span class='ocrx_word' id='word_1_55' title='bbox 1185 1714 1428 1806; x_wconf 90' lang='lat' dir='ltr'>provocatione</span> <span class='ocrx_word' id='word_1_56' title='bbox 1447 1735 1549 1802; x_wconf 86' lang='lat' dir='ltr'>gene-</span> 
     </span>
     <span class='ocr_line' id='line_1_9' title="bbox 323 1824 1550 1918; baseline 0.005 -26"><span class='ocrx_word' id='word_1_57' title='bbox 323 1824 424 1892; x_wconf 87' lang='lat' dir='ltr'>ratim</span> <span class='ocrx_word' id='word_1_58' title='bbox 446 1841 612 1910; x_wconf 88' lang='lat' dir='ltr'>vetarent,</span> <span class='ocrx_word' id='word_1_59' title='bbox 629 1827 774 1916; x_wconf 86' lang='lat' dir='ltr'>exceptis</span> <span class='ocrx_word' id='word_1_60' title='bbox 789 1826 948 1895; x_wconf 89' lang='lat' dir='ltr'>videlicet</span> <span class='ocrx_word' id='word_1_61' title='bbox 967 1826 1009 1894; x_wconf 91' lang='lat' dir='ltr'>iis</span> <span class='ocrx_word' id='word_1_62' title='bbox 1028 1826 1205 1915; x_wconf 73' lang='lat' dir='ltr'>judicibus</span> <span class='ocrx_word' id='word_1_63' title='bbox 1227 1827 1359 1918; x_wconf 92' lang='lat' dir='ltr'>quibus</span> <span class='ocrx_word' id='word_1_64' title='bbox 1379 1828 1412 1897; x_wconf 89' lang='lat' dir='ltr'>vi</span> <span class='ocrx_word' id='word_1_65' title='bbox 1432 1829 1550 1917; x_wconf 87' lang='lat' dir='ltr'>legum</span> 
     </span>
     <span class='ocr_line' id='line_1_10' title="bbox 321 1938 1270 2031; baseline 0.004 -25"><span class='ocrx_word' id='word_1_66' title='bbox 321 1938 480 2026; x_wconf 88' lang='lat' dir='ltr'>aliarum,</span> <span class='ocrx_word' id='word_1_67' title='bbox 497 1941 550 2009; x_wconf 90' lang='lat' dir='ltr'>vel</span> <span class='ocrx_word' id='word_1_68' title='bbox 563 1958 696 2008; x_wconf 91' lang='lat' dir='ltr'>tantum</span> <span class='ocrx_word' id='word_1_69' title='bbox 711 1965 806 2024; x_wconf 89' lang='lat' dir='ltr'>usus,</span> <span class='ocrx_word' id='word_1_70' title='bbox 824 1942 879 2031; x_wconf 85' lang='lat' dir='ltr'>jus</span> <span class='ocrx_word' id='word_1_71' title='bbox 892 1941 977 2009; x_wconf 91' lang='lat' dir='ltr'>illud</span> <span class='ocrx_word' id='word_1_72' title='bbox 991 1942 1270 2011; x_wconf 86' lang='lat' dir='ltr'>constitueretur.</span> 
     </span>
    </p>

    <p class='ocr_par' dir='ltr' id='par_1_4' title="bbox 318 2054 1548 2841">
     <span class='ocr_line' id='line_1_11' title="bbox 367 2054 1548 2149; baseline 0.004 -27"><span class='ocrx_word' id='word_1_73' title='bbox 367 2056 463 2123; x_wconf 92' lang='lat' dir='ltr'>Nam</span> <span class='ocrx_word' id='word_1_74' title='bbox 485 2054 518 2123; x_wconf 93' lang='lat' dir='ltr'>in</span> <span class='ocrx_word' id='word_1_75' title='bbox 543 2078 583 2124; x_wconf 88' lang='lat' dir='ltr'>ea</span> <span class='ocrx_word' id='word_1_76' title='bbox 608 2073 720 2125; x_wconf 89' lang='lat' dir='ltr'>vetere</span> <span class='ocrx_word' id='word_1_77' title='bbox 738 2057 927 2147; x_wconf 88' lang='lat' dir='ltr'>republica,</span> <span class='ocrx_word' id='word_1_78' title='bbox 947 2058 1044 2143; x_wconf 90' lang='lat' dir='ltr'>quod</span> <span class='ocrx_word' id='word_1_79' title='bbox 1065 2058 1273 2147; x_wconf 87' lang='lat' dir='ltr'>praesertim</span> <span class='ocrx_word' id='word_1_80' title='bbox 1296 2060 1341 2126; x_wconf 91' lang='lat' dir='ltr'>ad</span> <span class='ocrx_word' id='word_1_81' title='bbox 1360 2060 1413 2148; x_wconf 86' lang='lat' dir='ltr'>jus</span> <span class='ocrx_word' id='word_1_82' title='bbox 1433 2058 1548 2149; x_wconf 92' lang='lat' dir='ltr'>publi-</span> 
     </span>
     <span class='ocr_line' id='line_1_12' title="bbox 321 2171 1547 2262; baseline 0.006 -26"><span class='ocrx_word' id='word_1_83' title='bbox 321 2192 414 2253; x_wconf 89' lang='lat' dir='ltr'>cum,</span> <span class='ocrx_word' id='word_1_84' title='bbox 428 2171 494 2255; x_wconf 89' lang='lat' dir='ltr'>vel,</span> <span class='ocrx_word' id='word_1_85' title='bbox 513 2189 550 2240; x_wconf 93' lang='lat' dir='ltr'>ut</span> <span class='ocrx_word' id='word_1_86' title='bbox 564 2171 740 2261; x_wconf 90' lang='lat' dir='ltr'>posterius</span> <span class='ocrx_word' id='word_1_87' title='bbox 762 2171 972 2251; x_wconf 86' lang='lat' dir='ltr'>dictumest,</span> <span class='ocrx_word' id='word_1_88' title='bbox 991 2174 1139 2262; x_wconf 91' lang='lat' dir='ltr'>poenale</span> <span class='ocrx_word' id='word_1_89' title='bbox 1154 2173 1284 2259; x_wconf 87' lang='lat' dir='ltr'>attinet,</span> <span class='ocrx_word' id='word_1_90' title='bbox 1300 2197 1371 2242; x_wconf 91' lang='lat' dir='ltr'>non</span> <span class='ocrx_word' id='word_1_91' title='bbox 1387 2174 1547 2244; x_wconf 90' lang='lat' dir='ltr'>inunum</span> 
     </span>
     <span class='ocr_line' id='line_1_13' title="bbox 320 2272 1548 2379; baseline 0.005 -27"><span class='ocrx_word' id='word_1_92' title='bbox 320 2286 499 2375; x_wconf 84' lang='lat' dir='ltr'>quoddam</span> <span class='ocrx_word' id='word_1_93' title='bbox 524 2309 652 2379; x_wconf 91' lang='lat' dir='ltr'>corpus</span> <span class='ocrx_word' id='word_1_94' title='bbox 681 2288 774 2379; x_wconf 85' lang='lat' dir='ltr'>leges</span> <span class='ocrx_word' id='word_1_95' title='bbox 799 2272 1026 2368; x_wconf 64' lang='lat' dir='ltr'>coaluerunt,</span> <span class='ocrx_word' id='word_1_96' title='bbox 1044 2289 1091 2357; x_wconf 90' lang='lat' dir='ltr'>ita</span> <span class='ocrx_word' id='word_1_97' title='bbox 1116 2288 1301 2378; x_wconf 84' lang='lat' dir='ltr'>perfectum</span> <span class='ocrx_word' id='word_1_98' title='bbox 1331 2305 1366 2356; x_wconf 90' lang='lat' dir='ltr'>et</span> <span class='ocrx_word' id='word_1_99' title='bbox 1388 2290 1548 2378; x_wconf 91' lang='lat' dir='ltr'>partibus</span> 
     </span>
     <span class='ocr_line' id='line_1_14' title="bbox 320 2400 1547 2489; baseline 0.005 -21"><span class='ocrx_word' id='word_1_100' title='bbox 320 2400 387 2468; x_wconf 91' lang='lat' dir='ltr'>sibi</span> <span class='ocrx_word' id='word_1_101' title='bbox 407 2402 648 2472; x_wconf 88' lang='lat' dir='ltr'>constantibus</span> <span class='ocrx_word' id='word_1_102' title='bbox 678 2405 890 2489; x_wconf 86' lang='lat' dir='ltr'>absolutum,</span> <span class='ocrx_word' id='word_1_103' title='bbox 911 2422 949 2472; x_wconf 93' lang='lat' dir='ltr'>ut</span> <span class='ocrx_word' id='word_1_104' title='bbox 970 2404 1062 2472; x_wconf 88' lang='lat' dir='ltr'>sicut</span> <span class='ocrx_word' id='word_1_105' title='bbox 1081 2413 1153 2484; x_wconf 74' lang='grc' dir='ltr'>ζῶόν</span> <span class='ocrx_word' id='word_1_106' title='bbox 1175 2434 1200 2473; x_wconf 82' lang='grc' dir='ltr'>τι</span> <span class='ocrx_word' id='word_1_107' title='bbox 1221 2420 1344 2473; x_wconf 91' lang='lat' dir='ltr'>natum</span> <span class='ocrx_word' id='word_1_108' title='bbox 1363 2428 1440 2474; x_wconf 87' lang='lat' dir='ltr'>esse</span> <span class='ocrx_word' id='word_1_109' title='bbox 1460 2405 1547 2474; x_wconf 93' lang='lat' dir='ltr'>vide·</span> 
     </span>
     <span class='ocr_line' id='line_1_15' title="bbox 320 2518 1548 2612; baseline 0.005 -28"><span class='ocrx_word' id='word_1_110' title='bbox 320 2535 432 2599; x_wconf 83' lang='lat' dir='ltr'>retur3</span> <span class='ocrx_word' id='word_1_111' title='bbox 448 2519 507 2588; x_wconf 89' lang='lat' dir='ltr'>sed</span> <span class='ocrx_word' id='word_1_112' title='bbox 532 2519 620 2587; x_wconf 91' lang='lat' dir='ltr'>aliae</span> <span class='ocrx_word' id='word_1_113' title='bbox 634 2520 723 2610; x_wconf 84' lang='lat' dir='ltr'>leges</span> <span class='ocrx_word' id='word_1_114' title='bbox 738 2519 814 2587; x_wconf 90' lang='lat' dir='ltr'>aliis</span> <span class='ocrx_word' id='word_1_115' title='bbox 835 2519 971 2609; x_wconf 84' lang='lat' dir='ltr'>legibus</span> <span class='ocrx_word' id='word_1_116' title='bbox 991 2518 1218 2609; x_wconf 87' lang='lat' dir='ltr'>moribusque</span> <span class='ocrx_word' id='word_1_117' title='bbox 1233 2519 1316 2609; x_wconf 90' lang='lat' dir='ltr'>ipsis</span> <span class='ocrx_word' id='word_1_118' title='bbox 1337 2537 1548 2612; x_wconf 87' lang='lat' dir='ltr'>temperatae</span> 
     </span>
     <span class='ocr_line' id='line_1_16' title="bbox 319 2633 1547 2725; baseline 0.003 -25"><span class='ocrx_word' id='word_1_119' title='bbox 319 2633 701 2721; x_wconf 89' lang='lat' dir='ltr'>circumscribebantur,</span> <span class='ocrx_word' id='word_1_120' title='bbox 724 2657 837 2725; x_wconf 91' lang='lat' dir='ltr'>neque</span> <span class='ocrx_word' id='word_1_121' title='bbox 861 2658 919 2703; x_wconf 88' lang='lat' dir='ltr'>eas</span> <span class='ocrx_word' id='word_1_122' title='bbox 938 2653 1028 2703; x_wconf 89' lang='lat' dir='ltr'>recte</span> <span class='ocrx_word' id='word_1_123' title='bbox 1054 2635 1286 2724; x_wconf 91' lang='lat' dir='ltr'>interpreteris</span> <span class='ocrx_word' id='word_1_124' title='bbox 1310 2635 1379 2703; x_wconf 90' lang='lat' dir='ltr'>nisi</span> <span class='ocrx_word' id='word_1_125' title='bbox 1403 2637 1448 2704; x_wconf 86' lang='lat' dir='ltr'>ad</span> <span class='ocrx_word' id='word_1_126' title='bbox 1470 2636 1547 2705; x_wconf 90' lang='lat' dir='ltr'>illas</span> 
     </span>
     <span class='ocr_line' id='line_1_17' title="bbox 318 2748 1484 2841; baseline 0.003 -26"><span class='ocrx_word' id='word_1_127' title='bbox 318 2749 405 2817; x_wconf 87' lang='lat' dir='ltr'>alias</span> <span class='ocrx_word' id='word_1_128' title='bbox 426 2749 517 2840; x_wconf 83' lang='lat' dir='ltr'>leges</span> <span class='ocrx_word' id='word_1_129' title='bbox 537 2772 719 2839; x_wconf 91' lang='lat' dir='ltr'>moresque</span> <span class='ocrx_word' id='word_1_130' title='bbox 738 2750 1007 2841; x_wconf 86' lang='lat' dir='ltr'>diligentissime</span> <span class='ocrx_word' id='word_1_131' title='bbox 1026 2750 1230 2820; x_wconf 87' lang='lat' dir='ltr'>attenderis.</span> <span class='ocrx_word' id='word_1_132' title='bbox 1481 2748 1484 2753; x_wconf 72' lang='grc'><strong><em>’</em></strong></span> 
     </span>
    </p>

    <p class='ocr_par' dir='ltr' id='par_1_5' title="bbox 316 2864 1546 3284">
     <span class='ocr_line' id='line_1_18' title="bbox 364 2864 1545 2956; baseline 0.005 -25"><span class='ocrx_word' id='word_1_133' title='bbox 364 2864 444 2932; x_wconf 92' lang='lat' dir='ltr'>Hoc</span> <span class='ocrx_word' id='word_1_134' title='bbox 467 2865 570 2956; x_wconf 83' lang='lat' dir='ltr'>igitur</span> <span class='ocrx_word' id='word_1_135' title='bbox 593 2881 732 2934; x_wconf 88' lang='lat' dir='ltr'>tantum</span> <span class='ocrx_word' id='word_1_136' title='bbox 758 2866 1000 2955; x_wconf 87' lang='lat' dir='ltr'>quaerendum</span> <span class='ocrx_word' id='word_1_137' title='bbox 1022 2884 1072 2935; x_wconf 95' lang='lat' dir='ltr'>est</span> <span class='ocrx_word' id='word_1_138' title='bbox 1096 2866 1209 2952; x_wconf 88' lang='lat' dir='ltr'>nobis,</span> <span class='ocrx_word' id='word_1_139' title='bbox 1239 2883 1360 2935; x_wconf 91' lang='lat' dir='ltr'>utrum</span> <span class='ocrx_word' id='word_1_140' title='bbox 1383 2866 1545 2937; x_wconf 91' lang='lat' dir='ltr'>moribus</span> 
     </span>
     <span class='ocr_line' id='line_1_19' title="bbox 317 2981 1544 3074; baseline 0.003 -26"><span class='ocrx_word' id='word_1_141' title='bbox 317 2982 565 3051; x_wconf 88' lang='lat' dir='ltr'>concederetur</span> <span class='ocrx_word' id='word_1_142' title='bbox 593 3001 702 3050; x_wconf 89' lang='lat' dir='ltr'>necne</span> <span class='ocrx_word' id='word_1_143' title='bbox 742 2983 910 3051; x_wconf 89' lang='lat' dir='ltr'>Patribus</span> <span class='ocrx_word' id='word_1_144' title='bbox 944 2981 1161 3072; x_wconf 90' lang='lat' dir='ltr'>Conscriptis</span> <span class='ocrx_word' id='word_1_145' title='bbox 1193 3000 1243 3067; x_wconf 92' lang='lat' dir='ltr'>ut,</span> <span class='ocrx_word' id='word_1_146' title='bbox 1281 2982 1473 3074; x_wconf 87' lang='lat' dir='ltr'>Republica</span> <span class='ocrx_word' id='word_1_147' title='bbox 1508 2983 1544 3052; x_wconf 90' lang='lat' dir='ltr'>in</span> 
     </span>
     <span class='ocr_line' id='line_1_20' title="bbox 318 3098 1546 3191; baseline 0.001 -25"><span class='ocrx_word' id='word_1_148' title='bbox 318 3099 497 3189; x_wconf 85' lang='lat' dir='ltr'>angustias</span> <span class='ocrx_word' id='word_1_149' title='bbox 532 3114 699 3184; x_wconf 82' lang='lat' dir='ltr'>vertente,</span> <span class='ocrx_word' id='word_1_150' title='bbox 734 3099 789 3188; x_wconf 78' lang='lat' dir='ltr'>jus</span> <span class='ocrx_word' id='word_1_151' title='bbox 821 3100 909 3166; x_wconf 85' lang='lat' dir='ltr'>vitae</span> <span class='ocrx_word' id='word_1_152' title='bbox 942 3117 974 3167; x_wconf 86' lang='lat' dir='ltr'>et</span> <span class='ocrx_word' id='word_1_153' title='bbox 1013 3098 1107 3191; x_wconf 82' lang='lat' dir='ltr'>necis</span> <span class='ocrx_word' id='word_1_154' title='bbox 1141 3099 1178 3168; x_wconf 92' lang='lat' dir='ltr'>in</span> <span class='ocrx_word' id='word_1_155' title='bbox 1220 3100 1311 3169; x_wconf 90' lang='lat' dir='ltr'>cives</span> <span class='ocrx_word' id='word_1_156' title='bbox 1342 3099 1546 3168; x_wconf 88' lang='lat' dir='ltr'>consulibus</span> 
     </span>
     <span class='ocr_line' id='line_1_21' title="bbox 316 3216 514 3284; baseline 0 -4"><span class='ocrx_word' id='word_1_157' title='bbox 316 3216 514 3284; x_wconf 87' lang='lat' dir='ltr'>tribuerent.</span> 
     </span>
    </p>
   </div>
   <div class='ocr_carea' id='block_1_3' title="bbox 780 3387 1077 3404">
    <p class='ocr_par' dir='ltr' id='par_1_6' title="bbox 780 3387 1077 3404">
     <span class='ocr_line' id='line_1_22' title="bbox 780 3387 1077 3404; baseline -0.007 -1"><span class='ocrx_word' id='word_1_158' title='bbox 780 3387 1077 3404; x_wconf 42' lang='lat' dir='ltr'>m</span> 
     </span>
    </p>
   </div>
   <div class='ocr_carea' id='block_1_4' title="bbox 805 3652 1054 3724">
    <p class='ocr_par' dir='ltr' id='par_1_7' title="bbox 805 3652 1054 3724">
     <span class='ocr_line' id='line_1_23' title="bbox 805 3652 1054 3724; baseline -0.008 0"><span class='ocrx_word' id='word_1_159' title='bbox 805 3652 974 3724; x_wconf 84' lang='lat' dir='ltr'><strong>CAPUT</strong></span> <span class='ocrx_word' id='word_1_160' title='bbox 1001 3655 1054 3722; x_wconf 93' lang='lat' dir='ltr'>lll</span> 
     </span>
    </p>
   </div>
   <div class='ocr_carea' id='block_1_5' title="bbox 315 3897 1592 4075">
    <p class='ocr_par' dir='ltr' id='par_1_8' title="bbox 315 3897 1592 4075">
     <span class='ocr_line' id='line_1_24' title="bbox 315 3897 1542 3961; baseline -0.007 -10"><span class='ocrx_word' id='word_1_161' title='bbox 315 3905 405 3961; x_wconf 84' lang='lat' dir='ltr'><strong>QUAM</strong></span> <span class='ocrx_word' id='word_1_162' title='bbox 430 3903 535 3951; x_wconf 83' lang='lat' dir='ltr'>RECTE</span> <span class='ocrx_word' id='word_1_163' title='bbox 559 3901 751 3948; x_wconf 85' lang='lat' dir='ltr'>CREDIDERIS</span> <span class='ocrx_word' id='word_1_164' title='bbox 782 3898 923 3945; x_wconf 85' lang='lat' dir='ltr'>SENATUI</span> <span class='ocrx_word' id='word_1_165' title='bbox 955 3897 1176 3944; x_wconf 83' lang='lat' dir='ltr'>FACULTATEM</span> <span class='ocrx_word' id='word_1_166' title='bbox 1200 3897 1311 3943; x_wconf 84' lang='lat' dir='ltr'>FUISSE</span> <span class='ocrx_word' id='word_1_167' title='bbox 1336 3899 1379 3943; x_wconf 87' lang='lat' dir='ltr'>UT</span> <span class='ocrx_word' id='word_1_168' title='bbox 1402 3897 1542 3944; x_wconf 78' lang='lat' dir='ltr'>tument·</span> 
     </span>
     <span class='ocr_line' id='line_1_25' title="bbox 417 3993 1592 4075; baseline -0.006 -10"><span class='ocrx_word' id='word_1_169' title='bbox 417 4018 496 4065; x_wconf 78' lang='lat' dir='ltr'>RlAM</span> <span class='ocrx_word' id='word_1_170' title='bbox 520 4017 683 4075; x_wconf 82' lang='lat' dir='ltr'><strong>QUAMDAM</strong></span> <span class='ocrx_word' id='word_1_171' title='bbox 707 4014 923 4061; x_wconf 82' lang='lat' dir='ltr'>POTESTATEM</span> <span class='ocrx_word' id='word_1_172' title='bbox 949 4014 1056 4059; x_wconf 86' lang='lat' dir='ltr'><strong>EXTRA</strong></span> <span class='ocrx_word' id='word_1_173' title='bbox 1080 4013 1228 4059; x_wconf 87' lang='lat' dir='ltr'>ORDINEM</span> <span class='ocrx_word' id='word_1_174' title='bbox 1251 4014 1435 4060; x_wconf 83' lang='lat' dir='ltr'>TRIBUERET</span> <span class='ocrx_word' id='word_1_175' title='bbox 1590 3993 1592 3997; x_wconf 54' lang='lat'>.</span> 
     </span>
    </p>
   </div>
   <div class='ocr_carea' id='block_1_6' title="bbox 313 4267 1542 4804">
    <p class='ocr_par' dir='ltr' id='par_1_9' title="bbox 313 4267 1542 4804">
     <span class='ocr_line' id='line_1_26' title="bbox 359 4267 1542 4357; baseline -0.005 -16"><span class='ocrx_word' id='word_1_176' title='bbox 359 4273 511 4341; x_wconf 89' lang='lat' dir='ltr'>Licitum</span> <span class='ocrx_word' id='word_1_177' title='bbox 548 4293 620 4339; x_wconf 90' lang='lat' dir='ltr'>esse</span> <span class='ocrx_word' id='word_1_178' title='bbox 664 4269 798 4337; x_wconf 87' lang='lat' dir='ltr'>senatui</span> <span class='ocrx_word' id='word_1_179' title='bbox 839 4267 1058 4357; x_wconf 77' lang='lat' dir='ltr'>judiciariam</span> <span class='ocrx_word' id='word_1_180' title='bbox 1106 4283 1312 4357; x_wconf 89' lang='lat' dir='ltr'>potestatem</span> <span class='ocrx_word' id='word_1_181' title='bbox 1352 4267 1542 4357; x_wconf 90' lang='lat' dir='ltr'>aliquando</span> 
     </span>
     <span class='ocr_line' id='line_1_27' title="bbox 315 4381 1541 4473; baseline -0.006 -17"><span class='ocrx_word' id='word_1_182' title='bbox 315 4389 463 4458; x_wconf 89' lang='lat' dir='ltr'>tribuere</span> <span class='ocrx_word' id='word_1_183' title='bbox 488 4387 583 4455; x_wconf 90' lang='lat' dir='ltr'>haud</span> <span class='ocrx_word' id='word_1_184' title='bbox 605 4385 755 4453; x_wconf 89' lang='lat' dir='ltr'>dubium</span> <span class='ocrx_word' id='word_1_185' title='bbox 783 4400 832 4452; x_wconf 90' lang='lat' dir='ltr'>est</span> <span class='ocrx_word' id='word_1_186' title='bbox 861 4383 946 4473; x_wconf 88' lang='lat' dir='ltr'>quin</span> <span class='ocrx_word' id='word_1_187' title='bbox 975 4381 1135 4451; x_wconf 90' lang='lat' dir='ltr'>moribus</span> <span class='ocrx_word' id='word_1_188' title='bbox 1165 4384 1399 4450; x_wconf 87' lang='lat' dir='ltr'>confirmetur.</span> <span class='ocrx_word' id='word_1_189' title='bbox 1433 4381 1541 4471; x_wconf 91' lang='lat' dir='ltr'>Quod</span> 
     </span>
     <span class='ocr_line' id='line_1_28' title="bbox 314 4497 1540 4594; baseline -0.006 -22"><span class='ocrx_word' id='word_1_190' title='bbox 314 4520 353 4573; x_wconf 93' lang='lat' dir='ltr'>ut</span> <span class='ocrx_word' id='word_1_191' title='bbox 363 4502 587 4594; x_wconf 87' lang='lat' dir='ltr'>perspicuum</span> <span class='ocrx_word' id='word_1_192' title='bbox 601 4501 672 4582; x_wconf 88' lang='lat' dir='ltr'>fiat,</span> <span class='ocrx_word' id='word_1_193' title='bbox 687 4501 774 4568; x_wconf 89' lang='lat' dir='ltr'>haec</span> <span class='ocrx_word' id='word_1_194' title='bbox 788 4500 941 4589; x_wconf 89' lang='lat' dir='ltr'>primum</span> <span class='ocrx_word' id='word_1_195' title='bbox 954 4498 1100 4566; x_wconf 86' lang='lat' dir='ltr'>referam</span> <span class='ocrx_word' id='word_1_196' title='bbox 1111 4536 1155 4549; x_wconf 95' lang='lat'><em>-</em></span> <span class='ocrx_word' id='word_1_197' title='bbox 1166 4520 1280 4586; x_wconf 89' lang='lat' dir='ltr'>neque</span> <span class='ocrx_word' id='word_1_198' title='bbox 1291 4497 1413 4565; x_wconf 91' lang='lat' dir='ltr'>multis</span> <span class='ocrx_word' id='word_1_199' title='bbox 1423 4514 1540 4566; x_wconf 88' lang='lat' dir='ltr'>tamen</span> 
     </span>
     <span class='ocr_line' id='line_1_29' title="bbox 313 4612 1540 4706; baseline -0.006 -20"><span class='ocrx_word' id='word_1_200' title='bbox 313 4618 429 4689; x_wconf 89' lang='lat' dir='ltr'>verbis</span> <span class='ocrx_word' id='word_1_201' title='bbox 445 4618 486 4669; x_wconf 81' lang='lat'>-&#39;-</span> <span class='ocrx_word' id='word_1_202' title='bbox 501 4618 533 4685; x_wconf 91' lang='lat' dir='ltr'>in</span> <span class='ocrx_word' id='word_1_203' title='bbox 549 4616 678 4706; x_wconf 88' lang='lat' dir='ltr'>quibus</span> <span class='ocrx_word' id='word_1_204' title='bbox 691 4614 829 4704; x_wconf 90' lang='lat' dir='ltr'>quidem</span> <span class='ocrx_word' id='word_1_205' title='bbox 844 4630 1055 4703; x_wconf 89' lang='lat' dir='ltr'>potestatem</span> <span class='ocrx_word' id='word_1_206' title='bbox 1073 4613 1170 4681; x_wconf 93' lang='lat' dir='ltr'>illam</span> <span class='ocrx_word' id='word_1_207' title='bbox 1192 4614 1359 4681; x_wconf 88' lang='lat' dir='ltr'>adversus</span> <span class='ocrx_word' id='word_1_208' title='bbox 1379 4612 1540 4681; x_wconf 91' lang='lat' dir='ltr'>homines</span> 
     </span>
     <span class='ocr_line' id='line_1_30' title="bbox 313 4728 1406 4804; baseline -0.009 -2"><span class='ocrx_word' id='word_1_209' title='bbox 313 4734 452 4804; x_wconf 86' lang='lat' dir='ltr'>civitate</span> <span class='ocrx_word' id='word_1_210' title='bbox 467 4748 624 4803; x_wconf 87' lang='lat' dir='ltr'>carentes</span> <span class='ocrx_word' id='word_1_211' title='bbox 644 4731 829 4799; x_wconf 84' lang='lat' dir='ltr'>exercitam</span> <span class='ocrx_word' id='word_1_212' title='bbox 847 4729 957 4797; x_wconf 86' lang='lat' dir='ltr'>luisse</span> <span class='ocrx_word' id='word_1_213' title='bbox 974 4729 1154 4798; x_wconf 86' lang='lat' dir='ltr'>fatendum</span> <span class='ocrx_word' id='word_1_214' title='bbox 1169 4750 1218 4796; x_wconf 90' lang='lat' dir='ltr'>est</span> <span class='ocrx_word' id='word_1_215' title='bbox 1234 4728 1406 4796; x_wconf 84' lang='lat' dir='ltr'>referenti.</span> 
     </span>
    </p>
   </div>
   <div class='ocr_carea' id='block_1_7' title="bbox 313 4895 1536 5048">
    <p class='ocr_par' dir='ltr' id='par_1_10' title="bbox 313 4895 1536 5048">
     <span class='ocr_line' id='line_1_31' title="bbox 348 4895 1536 4976; baseline -0.008 -15"><span class='ocrx_word' id='word_1_216' title='bbox 348 4906 390 4976; x_wconf 93' lang='lat'>(1)</span> <span class='ocrx_word' id='word_1_217' title='bbox 406 4904 474 4960; x_wconf 91' lang='lat' dir='ltr'>Hoc</span> <span class='ocrx_word' id='word_1_218' title='bbox 490 4900 584 4959; x_wconf 88' lang='lat' dir='ltr'>moris</span> <span class='ocrx_word' id='word_1_219' title='bbox 598 4900 692 4959; x_wconf 81' lang='lat' dir='ltr'>fuisse</span> <span class='ocrx_word' id='word_1_220' title='bbox 706 4913 813 4956; x_wconf 91' lang='lat' dir='ltr'>notum</span> <span class='ocrx_word' id='word_1_221' title='bbox 828 4912 874 4956; x_wconf 90' lang='lat' dir='ltr'>est</span> <span class='ocrx_word' id='word_1_222' title='bbox 889 4912 921 4956; x_wconf 92' lang='lat' dir='ltr'>ut</span> <span class='ocrx_word' id='word_1_223' title='bbox 937 4898 1117 4972; x_wconf 85' lang='lat' dir='ltr'>parricidae,</span> <span class='ocrx_word' id='word_1_224' title='bbox 1132 4914 1219 4953; x_wconf 89' lang='lat' dir='ltr'>sacco</span> <span class='ocrx_word' id='word_1_225' title='bbox 1234 4895 1344 4952; x_wconf 90' lang='lat' dir='ltr'>inclusi</span> <span class='ocrx_word' id='word_1_226' title='bbox 1363 4913 1431 4951; x_wconf 89' lang='lat' dir='ltr'>eum</span> <span class='ocrx_word' id='word_1_227' title='bbox 1444 4895 1536 4970; x_wconf 87' lang='lat' dir='ltr'>gallo,</span> 
     </span>
     <span class='ocr_line' id='line_1_32' title="bbox 313 4970 1037 5048; baseline -0.012 -15"><span class='ocrx_word' id='word_1_228' title='bbox 313 4993 398 5048; x_wconf 87' lang='lat' dir='ltr'>cane,</span> <span class='ocrx_word' id='word_1_229' title='bbox 415 4973 514 5047; x_wconf 89' lang='lat' dir='ltr'>simio,</span> <span class='ocrx_word' id='word_1_230' title='bbox 531 4973 643 5048; x_wconf 84' lang='lat' dir='ltr'>vipera,</span> <span class='ocrx_word' id='word_1_231' title='bbox 659 4972 689 5027; x_wconf 93' lang='lat' dir='ltr'>in</span> <span class='ocrx_word' id='word_1_232' title='bbox 708 4989 789 5028; x_wconf 89' lang='lat' dir='ltr'>mare</span> <span class='ocrx_word' id='word_1_233' title='bbox 803 4970 1037 5043; x_wconf 88' lang='lat' dir='ltr'>conjicerentur.</span> 
     </span>
    </p>
   </div>
   <div class='ocr_carea' id='block_1_8' title="bbox 1378 5082 1394 5120">
    <p class='ocr_par' dir='ltr' id='par_1_11' title="bbox 1378 5082 1394 5120">
     <span class='ocr_line' id='line_1_33' title="bbox 1378 5082 1394 5120; baseline 0 0"><span class='ocrx_word' id='word_1_234' title='bbox 1378 5082 1394 5120; x_wconf 87' lang='lat'>2</span> 
     </span>
    </p>
   </div>
   <div class='ocr_carea' id='block_1_9' title="bbox 0 0 1868 6050">
    <p class='ocr_par' dir='ltr' id='par_1_12' title="bbox 0 0 1868 6050">
     <span class='ocr_line' id='line_1_34' title="bbox 0 0 1868 6050; baseline 0 4"><span class='ocrx_word' id='word_1_235' title='bbox 0 0 1868 6050; x_wconf 95' lang='lat' dir='ltr'> </span> 
     </span>
    </p>
   </div>
  </div>
 </body>
</html>
