<?xml version="1.0" encoding="UTF-8"?>
<!DOCTYPE html PUBLIC "-//W3C//DTD XHTML 1.0 Transitional//EN"
    "http://www.w3.org/TR/xhtml1/DTD/xhtml1-transitional.dtd">
<html xmlns="http://www.w3.org/1999/xhtml" xml:lang="en" lang="en">
 <head>
  <title>
</title>
<meta http-equiv="Content-Type" content="text/html;charset=utf-8" />
  <meta name='ocr-system' content='tesseract 3.04.00' />
  <meta name='ocr-capabilities' content='ocr_page ocr_carea ocr_par ocr_line ocrx_word'/>
</head>
<body>
  <div class='ocr_page' id='page_1' title='image "./numlegitimeprud00bertgoog_0026.png"; bbox 0 0 3725 6050; ppageno 0'>
   <div class='ocr_carea' id='block_1_1' title="bbox 876 671 1071 756">
    <p class='ocr_par' dir='ltr' id='par_1_1' title="bbox 876 671 1071 756">
     <span class='ocr_line' id='line_1_1' title="bbox 876 671 1071 756; baseline -0.005 -10"><span class='ocrx_word' id='word_1_1' title='bbox 876 671 1071 756; x_wconf 53' lang='lat'>2-18-</span> 
     </span>
    </p>
   </div>
   <div class='ocr_carea' id='block_1_2' title="bbox 312 846 1592 4405">
    <p class='ocr_par' dir='ltr' id='par_1_2' title="bbox 356 846 1591 1401">
     <span class='ocr_line' id='line_1_2' title="bbox 405 846 1591 940; baseline -0.001 -20"><span class='ocrx_word' id='word_1_2' title='bbox 405 848 587 938; x_wconf 82' lang='lat' dir='ltr'>Ejusntodi</span> <span class='ocrx_word' id='word_1_3' title='bbox 612 848 715 940; x_wconf 86' lang='lat' dir='ltr'>igitur</span> <span class='ocrx_word' id='word_1_4' title='bbox 737 864 893 939; x_wconf 87' lang='lat' dir='ltr'>potestas</span> <span class='ocrx_word' id='word_1_5' title='bbox 916 847 1077 917; x_wconf 86' lang='lat' dir='ltr'>Genucio</span> <span class='ocrx_word' id='word_1_6' title='bbox 1100 865 1132 915; x_wconf 93' lang='lat' dir='ltr'>et</span> <span class='ocrx_word' id='word_1_7' title='bbox 1153 846 1322 917; x_wconf 89' lang='lat' dir='ltr'>Cornelio</span> <span class='ocrx_word' id='word_1_8' title='bbox 1343 849 1548 919; x_wconf 90' lang='lat' dir='ltr'>consulibus</span> <span class='ocrx_word' id='word_1_9' title='bbox 1570 873 1591 919; x_wconf 85' lang='lat' dir='ltr'>a</span> 
     </span>
     <span class='ocr_line' id='line_1_3' title="bbox 357 962 1591 1051; baseline -0.001 -16"><span class='ocrx_word' id='word_1_10' title='bbox 357 982 484 1035; x_wconf 83' lang='lat' dir='ltr'>senatu</span> <span class='ocrx_word' id='word_1_11' title='bbox 502 964 628 1034; x_wconf 85' lang='lat' dir='ltr'>tradita</span> <span class='ocrx_word' id='word_1_12' title='bbox 648 986 723 1032; x_wconf 89' lang='lat' dir='ltr'>esse</span> <span class='ocrx_word' id='word_1_13' title='bbox 738 962 849 1032; x_wconf 87' lang='lat' dir='ltr'>fertur</span> <span class='ocrx_word' id='word_1_14' title='bbox 872 990 887 1024; x_wconf 74' lang='grc' dir='ltr'>α</span> <span class='ocrx_word' id='word_1_15' title='bbox 912 962 946 1030; x_wconf 92' lang='lat' dir='ltr'>in</span> <span class='ocrx_word' id='word_1_16' title='bbox 969 962 1211 1031; x_wconf 85' lang='lat' dir='ltr'><strong>Frusinates...</strong></span> <span class='ocrx_word' id='word_1_17' title='bbox 1230 962 1325 1051; x_wconf 92' lang='lat' dir='ltr'>quod</span> <span class='ocrx_word' id='word_1_18' title='bbox 1343 963 1521 1033; x_wconf 86' lang='lat' dir='ltr'>Hernicos</span> <span class='ocrx_word' id='word_1_19' title='bbox 1543 966 1591 1034; x_wconf 92' lang='lat' dir='ltr'>ab</span> 
     </span>
     <span class='ocr_line' id='line_1_4' title="bbox 356 1077 1591 1171; baseline 0 -23"><span class='ocrx_word' id='word_1_20' title='bbox 356 1080 401 1149; x_wconf 85' lang='lat' dir='ltr'>iis</span> <span class='ocrx_word' id='word_1_21' title='bbox 423 1079 588 1149; x_wconf 89' lang='lat' dir='ltr'>sollicitos</span> <span class='ocrx_word' id='word_1_22' title='bbox 612 1096 850 1169; x_wconf 88' lang='lat' dir='ltr'>compertum;</span> <span class='ocrx_word' id='word_1_23' title='bbox 878 1078 1061 1169; x_wconf 88' lang='lat' dir='ltr'>capitaque</span> <span class='ocrx_word' id='word_1_24' title='bbox 1088 1077 1340 1166; x_wconf 84' lang='lat' dir='ltr'>conjurationis</span> <span class='ocrx_word' id='word_1_25' title='bbox 1367 1079 1450 1168; x_wconf 86' lang='lat' dir='ltr'>ejus,</span> <span class='ocrx_word' id='word_1_26' title='bbox 1476 1104 1591 1171; x_wconf 89' lang='lat' dir='ltr'>quae-</span> 
     </span>
     <span class='ocr_line' id='line_1_5' title="bbox 357 1193 1590 1287; baseline 0 -23"><span class='ocrx_word' id='word_1_27' title='bbox 357 1196 466 1264; x_wconf 80' lang='lat' dir='ltr'>stione</span> <span class='ocrx_word' id='word_1_28' title='bbox 492 1196 537 1264; x_wconf 89' lang='lat' dir='ltr'>ab</span> <span class='ocrx_word' id='word_1_29' title='bbox 566 1194 766 1264; x_wconf 90' lang='lat' dir='ltr'>consulibus</span> <span class='ocrx_word' id='word_1_30' title='bbox 787 1216 826 1264; x_wconf 91' lang='lat' dir='ltr'>ex</span> <span class='ocrx_word' id='word_1_31' title='bbox 849 1194 1154 1263; x_wconf 90' lang='lat' dir='ltr'>senatusconsulto</span> <span class='ocrx_word' id='word_1_32' title='bbox 1173 1193 1302 1281; x_wconf 91' lang='lat' dir='ltr'>habita,</span> <span class='ocrx_word' id='word_1_33' title='bbox 1318 1194 1422 1287; x_wconf 83' lang='lat' dir='ltr'>virgis</span> <span class='ocrx_word' id='word_1_34' title='bbox 1437 1196 1530 1264; x_wconf 90' lang='lat' dir='ltr'>caesi</span> <span class='ocrx_word' id='word_1_35' title='bbox 1550 1218 1590 1265; x_wconf 90' lang='lat' dir='ltr'>ac</span> 
     </span>
     <span class='ocr_line' id='line_1_6' title="bbox 359 1310 1186 1401; baseline -0.01 -21"><span class='ocrx_word' id='word_1_36' title='bbox 359 1310 471 1380; x_wconf 85' lang='lat' dir='ltr'>securi</span> <span class='ocrx_word' id='word_1_37' title='bbox 483 1310 636 1401; x_wconf 86' lang='lat' dir='ltr'>percussi</span> <span class='ocrx_word' id='word_1_38' title='bbox 651 1314 660 1394; x_wconf 81' lang='lat' dir='ltr'>l</span> <span class='ocrx_word' id='word_1_39' title='bbox 669 1316 707 1396; x_wconf 87' lang='grc' dir='ltr'>ι),</span> <span class='ocrx_word' id='word_1_40' title='bbox 728 1337 743 1374; x_wconf 77' lang='lat' dir='ltr'>n</span> <span class='ocrx_word' id='word_1_41' title='bbox 1179 1377 1186 1387; x_wconf 51' lang='grc'>,</span> 
     </span>
    </p>

    <p class='ocr_par' dir='ltr' id='par_1_3' title="bbox 354 1424 1590 1978">
     <span class='ocr_line' id='line_1_7' title="bbox 403 1424 1590 1520; baseline -0.002 -24"><span class='ocrx_word' id='word_1_42' title='bbox 403 1429 527 1520; x_wconf 78' lang='lat' dir='ltr'>Neque</span> <span class='ocrx_word' id='word_1_43' title='bbox 545 1425 612 1495; x_wconf 89' lang='lat' dir='ltr'>alio</span> <span class='ocrx_word' id='word_1_44' title='bbox 632 1426 739 1494; x_wconf 90' lang='lat' dir='ltr'>modo</span> <span class='ocrx_word' id='word_1_45' title='bbox 758 1424 793 1493; x_wconf 90' lang='lat' dir='ltr'>in</span> <span class='ocrx_word' id='word_1_46' title='bbox 816 1426 987 1494; x_wconf 88' lang='lat' dir='ltr'>Etruscos</span> <span class='ocrx_word' id='word_1_47' title='bbox 1009 1424 1245 1514; x_wconf 90' lang='lat' dir='ltr'>Umbrosque‚</span> <span class='ocrx_word' id='word_1_48' title='bbox 1267 1442 1426 1515; x_wconf 87' lang='lat' dir='ltr'>ternpore</span> <span class='ocrx_word' id='word_1_49' title='bbox 1445 1426 1590 1495; x_wconf 84' lang='lat' dir='ltr'>Asdru-</span> 
     </span>
     <span class='ocr_line' id='line_1_8' title="bbox 357 1541 1590 1631; baseline -0.002 -18"><span class='ocrx_word' id='word_1_50' title='bbox 357 1542 458 1626; x_wconf 77' lang='lat' dir='ltr'>balis,</span> <span class='ocrx_word' id='word_1_51' title='bbox 492 1569 510 1603; x_wconf 74' lang='lat' dir='ltr'>r</span> <span class='ocrx_word' id='word_1_52' title='bbox 543 1564 584 1610; x_wconf 80' lang='lat' dir='ltr'>ex</span> <span class='ocrx_word' id='word_1_53' title='bbox 626 1542 925 1611; x_wconf 89' lang='lat' dir='ltr'>senatusconsulto</span> <span class='ocrx_word' id='word_1_54' title='bbox 970 1541 1133 1609; x_wconf 91' lang='lat' dir='ltr'>consules</span> <span class='ocrx_word' id='word_1_55' title='bbox 1176 1541 1419 1631; x_wconf 90' lang='lat' dir='ltr'>quaestionem</span> <span class='ocrx_word' id='word_1_56' title='bbox 1457 1542 1590 1611; x_wconf 88' lang='lat' dir='ltr'>habue-</span> 
     </span>
     <span class='ocr_line' id='line_1_9' title="bbox 355 1654 1590 1749; baseline -0.002 -21"><span class='ocrx_word' id='word_1_57' title='bbox 355 1674 436 1728; x_wconf 87' lang='lat' dir='ltr'>runt</span> <span class='ocrx_word' id='word_1_58' title='bbox 459 1662 515 1742; x_wconf 65' lang='lat'>¹¹2„</span> <span class='ocrx_word' id='word_1_59' title='bbox 545 1691 561 1720; x_wconf 70' lang='lat' dir='ltr'>n</span> <span class='ocrx_word' id='word_1_60' title='bbox 590 1658 706 1726; x_wconf 89' lang='lat' dir='ltr'>Paulo</span> <span class='ocrx_word' id='word_1_61' title='bbox 732 1673 820 1747; x_wconf 92' lang='lat' dir='ltr'>post,</span> <span class='ocrx_word' id='word_1_62' title='bbox 844 1657 895 1725; x_wconf 90' lang='lat' dir='ltr'>M.</span> <span class='ocrx_word' id='word_1_63' title='bbox 923 1654 1088 1725; x_wconf 92' lang='lat' dir='ltr'>Cornelio</span> <span class='ocrx_word' id='word_1_64' title='bbox 1118 1654 1253 1724; x_wconf 92' lang='lat' dir='ltr'>consuli</span> <span class='ocrx_word' id='word_1_65' title='bbox 1280 1655 1377 1726; x_wconf 90' lang='lat' dir='ltr'>dedit</span> <span class='ocrx_word' id='word_1_66' title='bbox 1403 1658 1590 1749; x_wconf 85' lang='lat' dir='ltr'>negotium</span> 
     </span>
     <span class='ocr_line' id='line_1_10' title="bbox 356 1771 1586 1863; baseline -0.001 -20"><span class='ocrx_word' id='word_1_67' title='bbox 356 1790 500 1843; x_wconf 84' lang='lat' dir='ltr'>senatus</span> <span class='ocrx_word' id='word_1_68' title='bbox 526 1771 621 1841; x_wconf 90' lang='lat' dir='ltr'>utin</span> <span class='ocrx_word' id='word_1_69' title='bbox 645 1772 776 1841; x_wconf 92' lang='lat' dir='ltr'>nobiles</span> <span class='ocrx_word' id='word_1_70' title='bbox 802 1772 970 1840; x_wconf 90' lang='lat' dir='ltr'>Etruscos</span> <span class='ocrx_word' id='word_1_71' title='bbox 994 1771 1036 1839; x_wconf 90' lang='lat' dir='ltr'>de</span> <span class='ocrx_word' id='word_1_72' title='bbox 1059 1771 1252 1841; x_wconf 85' lang='lat' dir='ltr'>rebellione</span> <span class='ocrx_word' id='word_1_73' title='bbox 1275 1771 1492 1863; x_wconf 69' lang='lat' dir='ltr'>inquireret,</span> <span class='ocrx_word' id='word_1_74' title='bbox 1508 1772 1586 1863; x_wconf 90' lang='lat' dir='ltr'>qui,</span> 
     </span>
     <span class='ocr_line' id='line_1_11' title="bbox 354 1885 971 1978; baseline -0.005 -22"><span class='ocrx_word' id='word_1_75' title='bbox 354 1886 579 1978; x_wconf 76' lang='lat' dir='ltr'>inquisitione</span> <span class='ocrx_word' id='word_1_76' title='bbox 594 1885 695 1968; x_wconf 86' lang='lat' dir='ltr'>iacta,</span> <span class='ocrx_word' id='word_1_77' title='bbox 708 1887 863 1957; x_wconf 86' lang='lat' dir='ltr'>damnati</span> <span class='ocrx_word' id='word_1_78' title='bbox 878 1903 971 1956; x_wconf 88' lang='lat' dir='ltr'>sunt.</span> 
     </span>
    </p>

    <p class='ocr_par' dir='ltr' id='par_1_4' title="bbox 357 2001 1588 2211">
     <span class='ocr_line' id='line_1_12' title="bbox 403 2001 1588 2093; baseline 0 -21"><span class='ocrx_word' id='word_1_79' title='bbox 403 2003 500 2072; x_wconf 87' lang='lat' dir='ltr'>Idem</span> <span class='ocrx_word' id='word_1_80' title='bbox 526 2001 695 2092; x_wconf 85' lang='lat' dir='ltr'>posterius</span> <span class='ocrx_word' id='word_1_81' title='bbox 719 2002 752 2071; x_wconf 94' lang='lat' dir='ltr'>in</span> <span class='ocrx_word' id='word_1_82' title='bbox 780 2001 951 2073; x_wconf 84' lang='lat' dir='ltr'>Gallicam</span> <span class='ocrx_word' id='word_1_83' title='bbox 979 2003 1175 2093; x_wconf 90' lang='lat' dir='ltr'>quamdam</span> <span class='ocrx_word' id='word_1_84' title='bbox 1195 2019 1335 2093; x_wconf 85' lang='lat' dir='ltr'>gentem</span> <span class='ocrx_word' id='word_1_85' title='bbox 1366 2019 1483 2071; x_wconf 91' lang='lat' dir='ltr'>actum</span> <span class='ocrx_word' id='word_1_86' title='bbox 1510 2025 1588 2073; x_wconf 92' lang='lat' dir='ltr'>esse</span> 
     </span>
     <span class='ocr_line' id='line_1_13' title="bbox 357 2118 582 2211; baseline -0.018 -23"><span class='ocrx_word' id='word_1_87' title='bbox 357 2118 505 2211; x_wconf 86' lang='lat' dir='ltr'>legimus</span> <span class='ocrx_word' id='word_1_88' title='bbox 527 2118 582 2203; x_wconf 51' lang='lat'>(32,</span> 
     </span>
    </p>

    <p class='ocr_par' dir='ltr' id='par_1_5' title="bbox 353 2232 1587 2900">
     <span class='ocr_line' id='line_1_14' title="bbox 404 2232 1586 2325; baseline 0.001 -22"><span class='ocrx_word' id='word_1_89' title='bbox 404 2232 575 2325; x_wconf 83' lang='lat' dir='ltr'>Denique,</span> <span class='ocrx_word' id='word_1_90' title='bbox 603 2254 645 2302; x_wconf 96' lang='lat' dir='ltr'>ne</span> <span class='ocrx_word' id='word_1_91' title='bbox 667 2232 825 2323; x_wconf 91' lang='lat' dir='ltr'>pluribus</span> <span class='ocrx_word' id='word_1_92' title='bbox 844 2255 970 2311; x_wconf 89' lang='lat' dir='ltr'>morer,</span> <span class='ocrx_word' id='word_1_93' title='bbox 998 2232 1131 2301; x_wconf 89' lang='lat' dir='ltr'>habitis</span> <span class='ocrx_word' id='word_1_94' title='bbox 1157 2232 1286 2318; x_wconf 89' lang='lat' dir='ltr'>Setiae,</span> <span class='ocrx_word' id='word_1_95' title='bbox 1310 2255 1381 2302; x_wconf 91' lang='lat' dir='ltr'>non</span> <span class='ocrx_word' id='word_1_96' title='bbox 1408 2234 1511 2325; x_wconf 89' lang='lat' dir='ltr'>longe</span> <span class='ocrx_word' id='word_1_97' title='bbox 1537 2236 1586 2304; x_wconf 90' lang='lat' dir='ltr'>ab</span> 
     </span>
     <span class='ocr_line' id='line_1_15' title="bbox 358 2347 1585 2432; baseline -0.003 -11"><span class='ocrx_word' id='word_1_98' title='bbox 358 2348 469 2432; x_wconf 84' lang='lat' dir='ltr'>Urbe,</span> <span class='ocrx_word' id='word_1_99' title='bbox 486 2369 666 2418; x_wconf 87' lang='lat' dir='ltr'>servorum</span> <span class='ocrx_word' id='word_1_100' title='bbox 683 2347 983 2431; x_wconf 87' lang='lat' dir='ltr'>consensionibus,</span> <span class='ocrx_word' id='word_1_101' title='bbox 1000 2350 1041 2416; x_wconf 93' lang='lat' dir='ltr'>L.</span> <span class='ocrx_word' id='word_1_102' title='bbox 1060 2347 1250 2417; x_wconf 91' lang='lat' dir='ltr'>Cornelius</span> <span class='ocrx_word' id='word_1_103' title='bbox 1266 2348 1406 2418; x_wconf 85' lang='lat' dir='ltr'>Merula</span> <span class='ocrx_word' id='word_1_104' title='bbox 1426 2368 1585 2420; x_wconf 91' lang='lat' dir='ltr'>asenatu</span> 
     </span>
     <span class='ocr_line' id='line_1_16' title="bbox 356 2463 1587 2557; baseline -0.002 -22"><span class='ocrx_word' id='word_1_105' title='bbox 356 2464 560 2535; x_wconf 84' lang='lat' dir='ltr'>mandatum</span> <span class='ocrx_word' id='word_1_106' title='bbox 579 2463 713 2556; x_wconf 88' lang='lat' dir='ltr'>accepit</span> <span class='ocrx_word' id='word_1_107' title='bbox 736 2481 773 2533; x_wconf 92' lang='lat' dir='ltr'>ut</span> <span class='ocrx_word' id='word_1_108' title='bbox 807 2463 947 2554; x_wconf 89' lang='lat' dir='ltr'>eosqui</span> <span class='ocrx_word' id='word_1_109' title='bbox 974 2464 1210 2553; x_wconf 88' lang='lat' dir='ltr'>peccavissent</span> <span class='ocrx_word' id='word_1_110' title='bbox 1236 2463 1473 2555; x_wconf 89' lang='lat' dir='ltr'>conquireret,</span> <span class='ocrx_word' id='word_1_111' title='bbox 1501 2488 1587 2557; x_wconf 91' lang='lat' dir='ltr'>cap-</span> 
     </span>
     <span class='ocr_line' id='line_1_17' title="bbox 356 2580 1587 2671; baseline -0.002 -20"><span class='ocrx_word' id='word_1_112' title='bbox 356 2597 482 2671; x_wconf 88' lang='lat' dir='ltr'>tosque</span> <span class='ocrx_word' id='word_1_113' title='bbox 510 2582 700 2650; x_wconf 87' lang='lat' dir='ltr'>damnaret.</span> <span class='ocrx_word' id='word_1_114' title='bbox 724 2580 809 2669; x_wconf 92' lang='lat' dir='ltr'>Quo</span> <span class='ocrx_word' id='word_1_115' title='bbox 836 2580 890 2649; x_wconf 93' lang='lat' dir='ltr'>ille</span> <span class='ocrx_word' id='word_1_116' title='bbox 917 2586 1021 2658; x_wconf 88' lang='lat' dir='ltr'>lacto,</span> <span class='ocrx_word' id='word_1_117' title='bbox 1050 2601 1162 2669; x_wconf 93' lang='lat' dir='ltr'>neque</span> <span class='ocrx_word' id='word_1_118' title='bbox 1190 2581 1301 2649; x_wconf 91' lang='lat' dir='ltr'>multo</span> <span class='ocrx_word' id='word_1_119' title='bbox 1336 2596 1430 2670; x_wconf 93' lang='lat' dir='ltr'>post,</span> <span class='ocrx_word' id='word_1_120' title='bbox 1459 2581 1587 2650; x_wconf 90' lang='lat' dir='ltr'>eadem</span> 
     </span>
     <span class='ocr_line' id='line_1_18' title="bbox 355 2693 1583 2786; baseline 0 -22"><span class='ocrx_word' id='word_1_121' title='bbox 355 2718 440 2764; x_wconf 86' lang='lat' dir='ltr'>usus</span> <span class='ocrx_word' id='word_1_122' title='bbox 462 2711 646 2786; x_wconf 84' lang='lat' dir='ltr'>potestate,</span> <span class='ocrx_word' id='word_1_123' title='bbox 673 2696 861 2764; x_wconf 89' lang='lat' dir='ltr'>Praeneste</span> <span class='ocrx_word' id='word_1_124' title='bbox 887 2695 931 2763; x_wconf 93' lang='lat' dir='ltr'>de</span> <span class='ocrx_word' id='word_1_125' title='bbox 953 2695 1153 2785; x_wconf 83' lang='lat' dir='ltr'>quingentis</span> <span class='ocrx_word' id='word_1_126' title='bbox 1180 2693 1249 2764; x_wconf 87' lang='lat' dir='ltr'>fere</span> <span class='ocrx_word' id='word_1_127' title='bbox 1280 2695 1500 2781; x_wconf 88' lang='lat' dir='ltr'>hominibus,</span> <span class='ocrx_word' id='word_1_128' title='bbox 1520 2697 1583 2785; x_wconf 92' lang='lat' dir='ltr'>qui</span> 
     </span>
     <span class='ocr_line' id='line_1_19' title="bbox 353 2810 1377 2900; baseline -0.003 -20"><span class='ocrx_word' id='word_1_129' title='bbox 353 2811 389 2880; x_wconf 92' lang='lat' dir='ltr'>in</span> <span class='ocrx_word' id='word_1_130' title='bbox 405 2832 445 2880; x_wconf 89' lang='lat' dir='ltr'>ea</span> <span class='ocrx_word' id='word_1_131' title='bbox 460 2832 549 2879; x_wconf 87' lang='lat' dir='ltr'>noxa</span> <span class='ocrx_word' id='word_1_132' title='bbox 568 2826 695 2900; x_wconf 90' lang='lat' dir='ltr'>essent,</span> <span class='ocrx_word' id='word_1_133' title='bbox 713 2810 925 2900; x_wconf 90' lang='lat' dir='ltr'>supplicium</span> <span class='ocrx_word' id='word_1_134' title='bbox 941 2811 1129 2900; x_wconf 90' lang='lat' dir='ltr'>sumpsisse</span> <span class='ocrx_word' id='word_1_135' title='bbox 1142 2827 1305 2881; x_wconf 87' lang='lat' dir='ltr'>narratur</span> <span class='ocrx_word' id='word_1_136' title='bbox 1321 2815 1377 2898; x_wconf 80' lang='grc'>(4)..</span> 
     </span>
    </p>

    <p class='ocr_par' dir='ltr' id='par_1_6' title="bbox 354 2923 1583 3123">
     <span class='ocr_line' id='line_1_20' title="bbox 398 2923 1583 3019; baseline 0.003 -25"><span class='ocrx_word' id='word_1_137' title='bbox 398 2928 446 2994; x_wconf 82' lang='lat' dir='ltr'>At</span> <span class='ocrx_word' id='word_1_138' title='bbox 470 2923 556 2995; x_wconf 93' lang='lat' dir='ltr'>dicet</span> <span class='ocrx_word' id='word_1_139' title='bbox 577 2924 665 2994; x_wconf 85' lang='lat' dir='ltr'>iotte</span> <span class='ocrx_word' id='word_1_140' title='bbox 690 2924 822 3017; x_wconf 89' lang='lat' dir='ltr'>aliquis</span> <span class='ocrx_word' id='word_1_141' title='bbox 837 2924 877 2994; x_wconf 90' lang='lat' dir='ltr'>de</span> <span class='ocrx_word' id='word_1_142' title='bbox 903 2925 1010 2995; x_wconf 91' lang='lat' dir='ltr'>servis</span> <span class='ocrx_word' id='word_1_143' title='bbox 1031 2942 1171 2995; x_wconf 88' lang='lat' dir='ltr'>tantum</span> <span class='ocrx_word' id='word_1_144' title='bbox 1193 2945 1253 2995; x_wconf 90' lang='lat' dir='ltr'>aut</span> <span class='ocrx_word' id='word_1_145' title='bbox 1277 2927 1401 2995; x_wconf 87' lang='lat' dir='ltr'>exteris</span> <span class='ocrx_word' id='word_1_146' title='bbox 1414 2926 1583 3019; x_wconf 89' lang='lat' dir='ltr'>gentibus</span> 
     </span>
     <span class='ocr_line' id='line_1_21' title="bbox 354 3041 1221 3123; baseline -0.003 -10"><span class='ocrx_word' id='word_1_147' title='bbox 354 3060 428 3113; x_wconf 86' lang='lat' dir='ltr'>tunt</span> <span class='ocrx_word' id='word_1_148' title='bbox 444 3058 560 3111; x_wconf 85' lang='lat' dir='ltr'>actum</span> <span class='ocrx_word' id='word_1_149' title='bbox 574 3064 661 3123; x_wconf 88' lang='lat' dir='ltr'>esse,</span> <span class='ocrx_word' id='word_1_150' title='bbox 683 3041 831 3111; x_wconf 90' lang='lat' dir='ltr'>minime</span> <span class='ocrx_word' id='word_1_151' title='bbox 844 3041 885 3110; x_wconf 94' lang='lat' dir='ltr'>de</span> <span class='ocrx_word' id='word_1_152' title='bbox 901 3042 1036 3110; x_wconf 91' lang='lat' dir='ltr'>civibus</span> <span class='ocrx_word' id='word_1_153' title='bbox 1050 3043 1221 3112; x_wconf 91' lang='lat' dir='ltr'>romanis.</span> 
     </span>
    </p>

    <p class='ocr_par' dir='ltr' id='par_1_7' title="bbox 312 3156 1592 4405">
     <span class='ocr_line' id='line_1_22' title="bbox 399 3156 1583 3250; baseline -0.003 -21"><span class='ocrx_word' id='word_1_154' title='bbox 399 3160 527 3248; x_wconf 90' lang='lat' dir='ltr'>Neque</span> <span class='ocrx_word' id='word_1_155' title='bbox 548 3180 632 3227; x_wconf 87' lang='lat' dir='ltr'>sane</span> <span class='ocrx_word' id='word_1_156' title='bbox 648 3179 757 3250; x_wconf 89' lang='lat' dir='ltr'>nego;</span> <span class='ocrx_word' id='word_1_157' title='bbox 776 3156 845 3226; x_wconf 90' lang='lat' dir='ltr'>illis</span> <span class='ocrx_word' id='word_1_158' title='bbox 860 3179 943 3226; x_wconf 90' lang='lat' dir='ltr'>vero</span> <span class='ocrx_word' id='word_1_159' title='bbox 958 3159 1059 3226; x_wconf 92' lang='lat' dir='ltr'>rebus</span> <span class='ocrx_word' id='word_1_160' title='bbox 1074 3159 1364 3242; x_wconf 89' lang='lat' dir='ltr'>commemoratis,</span> <span class='ocrx_word' id='word_1_161' title='bbox 1381 3159 1445 3227; x_wconf 94' lang='lat' dir='ltr'>hoc</span> <span class='ocrx_word' id='word_1_162' title='bbox 1462 3159 1583 3227; x_wconf 89' lang='lat' dir='ltr'>solum</span> 
     </span>
     <span class='ocr_line' id='line_1_23' title="bbox 353 3256 1583 3365; baseline 0 -22"><span class='ocrx_word' id='word_1_163' title='bbox 353 3273 540 3365; x_wconf 90' lang='lat' dir='ltr'>probatum</span> <span class='ocrx_word' id='word_1_164' title='bbox 570 3272 696 3364; x_wconf 90' lang='lat' dir='ltr'>legenti</span> <span class='ocrx_word' id='word_1_165' title='bbox 727 3256 838 3342; x_wconf 87' lang='lat' dir='ltr'>volui</span> <span class='ocrx_word' id='word_1_166' title='bbox 857 3258 939 3341; x_wconf 87' lang='lat' dir='ltr'>eum</span> <span class='ocrx_word' id='word_1_167' title='bbox 966 3272 1075 3342; x_wconf 83' lang='lat' dir='ltr'>luisse</span> <span class='ocrx_word' id='word_1_168' title='bbox 1106 3292 1280 3360; x_wconf 90' lang='lat' dir='ltr'>senatum,</span> <span class='ocrx_word' id='word_1_169' title='bbox 1313 3274 1376 3364; x_wconf 90' lang='lat' dir='ltr'>qui</span> <span class='ocrx_word' id='word_1_170' title='bbox 1401 3273 1583 3363; x_wconf 85' lang='lat' dir='ltr'>judiciaria</span> 
     </span>
     <span class='ocr_line' id='line_1_24' title="bbox 352 3388 1583 3479; baseline -0.001 -20"><span class='ocrx_word' id='word_1_171' title='bbox 352 3389 438 3473; x_wconf 85' lang='lat' dir='ltr'>iura,</span> <span class='ocrx_word' id='word_1_172' title='bbox 463 3389 635 3457; x_wconf 89' lang='lat' dir='ltr'>nonnulla</span> <span class='ocrx_word' id='word_1_173' title='bbox 667 3388 822 3477; x_wconf 86' lang='lat' dir='ltr'>quidem,</span> <span class='ocrx_word' id='word_1_174' title='bbox 845 3389 1008 3479; x_wconf 86' lang='lat' dir='ltr'>delegare</span> <span class='ocrx_word' id='word_1_175' title='bbox 1032 3407 1161 3479; x_wconf 90' lang='lat' dir='ltr'>posset.</span> <span class='ocrx_word' id='word_1_176' title='bbox 1185 3390 1264 3457; x_wconf 90' lang='lat' dir='ltr'>Jam</span> <span class='ocrx_word' id='word_1_177' title='bbox 1301 3389 1469 3458; x_wconf 83' lang='lat' dir='ltr'>vernalia</span> <span class='ocrx_word' id='word_1_178' title='bbox 1498 3406 1583 3458; x_wconf 92' lang='lat' dir='ltr'>sunt</span> 
     </span>
     <span class='ocr_line' id='line_1_25' title="bbox 312 3502 1582 3594; baseline -0.002 -17"><span class='ocrx_word' id='word_1_179' title='bbox 312 3573 315 3577; x_wconf 77' lang='grc'>,</span> <span class='ocrx_word' id='word_1_180' title='bbox 355 3505 531 3575; x_wconf 90' lang='lat' dir='ltr'>afferenda</span> <span class='ocrx_word' id='word_1_181' title='bbox 551 3526 591 3572; x_wconf 89' lang='lat' dir='ltr'>ex</span> <span class='ocrx_word' id='word_1_182' title='bbox 613 3502 747 3594; x_wconf 90' lang='lat' dir='ltr'>quibus</span> <span class='ocrx_word' id='word_1_183' title='bbox 771 3503 850 3591; x_wconf 81' lang='lat' dir='ltr'>jura</span> <span class='ocrx_word' id='word_1_184' title='bbox 871 3505 993 3572; x_wconf 91' lang='lat' dir='ltr'>eadem</span> <span class='ocrx_word' id='word_1_185' title='bbox 1016 3505 1071 3573; x_wconf 86' lang='lat' dir='ltr'>vel</span> <span class='ocrx_word' id='word_1_186' title='bbox 1094 3504 1130 3571; x_wconf 92' lang='lat' dir='ltr'>in</span> <span class='ocrx_word' id='word_1_187' title='bbox 1153 3504 1247 3594; x_wconf 92' lang='lat' dir='ltr'>ipsos</span> <span class='ocrx_word' id='word_1_188' title='bbox 1270 3505 1361 3574; x_wconf 92' lang='lat' dir='ltr'>cives</span> <span class='ocrx_word' id='word_1_189' title='bbox 1384 3506 1582 3574; x_wconf 84' lang='lat' dir='ltr'>exercenda</span> 
     </span>
     <span class='ocr_line' id='line_1_26' title="bbox 353 3618 1592 3710; baseline -0.006 -21"><span class='ocrx_word' id='word_1_190' title='bbox 353 3619 456 3690; x_wconf 87' lang='lat' dir='ltr'>illurn</span> <span class='ocrx_word' id='word_1_191' title='bbox 473 3620 641 3688; x_wconf 89' lang='lat' dir='ltr'>mandare</span> <span class='ocrx_word' id='word_1_192' title='bbox 652 3618 809 3709; x_wconf 90' lang='lat' dir='ltr'>potuisse</span> <span class='ocrx_word' id='word_1_193' title='bbox 823 3635 958 3709; x_wconf 89' lang='lat' dir='ltr'>pareat.</span> <span class='ocrx_word' id='word_1_194' title='bbox 1589 3704 1592 3710; x_wconf 21' lang='grc' dir='ltr'>Ι</span> 
     </span>
     <span class='ocr_line' id='line_1_27' title="bbox 370 3733 1582 3826; baseline 0.001 -23"><span class='ocrx_word' id='word_1_195' title='bbox 370 3778 372 3786; x_wconf 69' lang='lat'>,</span> <span class='ocrx_word' id='word_1_196' title='bbox 399 3736 485 3825; x_wconf 91' lang='lat' dir='ltr'>Quo</span> <span class='ocrx_word' id='word_1_197' title='bbox 508 3734 619 3826; x_wconf 92' lang='lat' dir='ltr'>igitur</span> <span class='ocrx_word' id='word_1_198' title='bbox 642 3751 795 3825; x_wconf 87' lang='lat' dir='ltr'>tempore</span> <span class='ocrx_word' id='word_1_199' title='bbox 822 3734 956 3802; x_wconf 91' lang='lat' dir='ltr'>bellum</span> <span class='ocrx_word' id='word_1_200' title='bbox 984 3756 1066 3802; x_wconf 91' lang='lat' dir='ltr'>cum</span> <span class='ocrx_word' id='word_1_201' title='bbox 1088 3733 1438 3826; x_wconf 90' lang='lat' dir='ltr'>Carthaginiensibus</span> <span class='ocrx_word' id='word_1_202' title='bbox 1465 3733 1582 3825; x_wconf 87' lang='lat' dir='ltr'>Scipio</span> 
     </span>
     <span class='ocr_line' id='line_1_28' title="bbox 354 3847 1582 3944; baseline -0.001 -24"><span class='ocrx_word' id='word_1_203' title='bbox 354 3852 505 3944; x_wconf 91' lang='lat' dir='ltr'>gerebat,</span> <span class='ocrx_word' id='word_1_204' title='bbox 521 3873 598 3920; x_wconf 90' lang='lat' dir='ltr'>cum</span> <span class='ocrx_word' id='word_1_205' title='bbox 622 3848 792 3920; x_wconf 86' lang='lat' dir='ltr'>exercitus</span> <span class='ocrx_word' id='word_1_206' title='bbox 813 3862 1018 3941; x_wconf 86' lang='lat' dir='ltr'>argueretur</span> <span class='ocrx_word' id='word_1_207' title='bbox 1042 3851 1215 3942; x_wconf 89' lang='lat' dir='ltr'>quaedam</span> <span class='ocrx_word' id='word_1_208' title='bbox 1239 3850 1272 3917; x_wconf 92' lang='lat' dir='ltr'>in</span> <span class='ocrx_word' id='word_1_209' title='bbox 1289 3847 1409 3919; x_wconf 88' lang='lat' dir='ltr'>Sicilia</span> <span class='ocrx_word' id='word_1_210' title='bbox 1424 3849 1582 3919; x_wconf 86' lang='lat' dir='ltr'>facinora</span> 
     </span>
     <span class='ocr_line' id='line_1_29' title="bbox 353 3964 1583 4056; baseline -0.002 -19"><span class='ocrx_word' id='word_1_211' title='bbox 353 3967 576 4049; x_wconf 88' lang='lat' dir='ltr'>commisisse,</span> <span class='ocrx_word' id='word_1_212' title='bbox 600 3989 641 4036; x_wconf 88' lang='lat' dir='ltr'>ex</span> <span class='ocrx_word' id='word_1_213' title='bbox 653 3965 964 4034; x_wconf 88' lang='lat' dir='ltr'>senatusconsulto</span> <span class='ocrx_word' id='word_1_214' title='bbox 979 3965 1075 4034; x_wconf 91' lang='lat' dir='ltr'>missi</span> <span class='ocrx_word' id='word_1_215' title='bbox 1090 3964 1229 4034; x_wconf 86' lang='lat' dir='ltr'>fuerunt</span> <span class='ocrx_word' id='word_1_216' title='bbox 1243 3965 1362 4033; x_wconf 88' lang='lat' dir='ltr'>decem</span> <span class='ocrx_word' id='word_1_217' title='bbox 1377 3965 1483 4056; x_wconf 88' lang='lat' dir='ltr'>legati</span> <span class='ocrx_word' id='word_1_218' title='bbox 1498 3978 1583 4034; x_wconf 90' lang='lat' dir='ltr'>curn</span> 
     </span>
     <span class='ocr_line' id='line_1_30' title="bbox 353 4070 1581 4174; baseline -0.002 -23"><span class='ocrx_word' id='word_1_219' title='bbox 353 4099 522 4174; x_wconf 88' lang='lat' dir='ltr'>praetore.</span> <span class='ocrx_word' id='word_1_220' title='bbox 543 4081 627 4171; x_wconf 89' lang='lat' dir='ltr'>Qui,</span> <span class='ocrx_word' id='word_1_221' title='bbox 645 4079 705 4150; x_wconf 93' lang='lat' dir='ltr'>ubi</span> <span class='ocrx_word' id='word_1_222' title='bbox 728 4081 762 4148; x_wconf 93' lang='lat' dir='ltr'>in</span> <span class='ocrx_word' id='word_1_223' title='bbox 786 4079 943 4152; x_wconf 89' lang='lat' dir='ltr'>Siciliam</span> <span class='ocrx_word' id='word_1_224' title='bbox 966 4098 1142 4167; x_wconf 85' lang='lat' dir='ltr'>venerunt,</span> <span class='ocrx_word' id='word_1_225' title='bbox 1162 4070 1389 4165; x_wconf 88' lang='lat' dir='ltr'>Pleminium,</span> <span class='ocrx_word' id='word_1_226' title='bbox 1408 4102 1519 4148; x_wconf 90' lang='lat' dir='ltr'>unum</span> <span class='ocrx_word' id='word_1_227' title='bbox 1541 4103 1581 4148; x_wconf 87' lang='lat' dir='ltr'>ex</span> 
     </span>
     <span class='ocr_line' id='line_1_31' title="bbox 355 4194 1581 4287; baseline -0.003 -20"><span class='ocrx_word' id='word_1_228' title='bbox 355 4196 520 4276; x_wconf 85' lang='lat' dir='ltr'>ducibus,</span> <span class='ocrx_word' id='word_1_229' title='bbox 541 4224 556 4259; x_wconf 72' lang='lat' dir='ltr'>a</span> <span class='ocrx_word' id='word_1_230' title='bbox 574 4212 608 4265; x_wconf 88' lang='lat' dir='ltr'>et</span> <span class='ocrx_word' id='word_1_231' title='bbox 624 4194 669 4264; x_wconf 91' lang='lat' dir='ltr'>ad</span> <span class='ocrx_word' id='word_1_232' title='bbox 691 4197 763 4266; x_wconf 93' lang='lat' dir='ltr'>duo</span> <span class='ocrx_word' id='word_1_233' title='bbox 780 4212 813 4264; x_wconf 87' lang='lat' dir='ltr'>et</span> <span class='ocrx_word' id='word_1_234' title='bbox 835 4194 978 4287; x_wconf 90' lang='lat' dir='ltr'>triginta</span> <span class='ocrx_word' id='word_1_235' title='bbox 993 4195 1156 4265; x_wconf 90' lang='lat' dir='ltr'>homines</span> <span class='ocrx_word' id='word_1_236' title='bbox 1170 4217 1250 4264; x_wconf 90' lang='lat' dir='ltr'>curn</span> <span class='ocrx_word' id='word_1_237' title='bbox 1272 4218 1312 4264; x_wconf 91' lang='lat' dir='ltr'>eo</span> <span class='ocrx_word' id='word_1_238' title='bbox 1332 4195 1581 4266; x_wconf 85' lang='lat' dir='ltr'>damnaverunt</span> 
     </span>
     <span class='ocr_line' id='line_1_32' title="bbox 354 4309 1580 4405; baseline -0.002 -22"><span class='ocrx_word' id='word_1_239' title='bbox 354 4330 462 4405; x_wconf 90' lang='lat' dir='ltr'>atque</span> <span class='ocrx_word' id='word_1_240' title='bbox 490 4313 524 4380; x_wconf 93' lang='lat' dir='ltr'>in</span> <span class='ocrx_word' id='word_1_241' title='bbox 559 4311 690 4381; x_wconf 88' lang='lat' dir='ltr'>catenis</span> <span class='ocrx_word' id='word_1_242' title='bbox 719 4313 871 4380; x_wconf 87' lang='lat' dir='ltr'>Romam</span> <span class='ocrx_word' id='word_1_243' title='bbox 905 4311 1114 4380; x_wconf 86' lang='lat' dir='ltr'>miserunt...</span> <span class='ocrx_word' id='word_1_244' title='bbox 1146 4309 1351 4395; x_wconf 86' lang='lat' dir='ltr'>Pleminius,</span> <span class='ocrx_word' id='word_1_245' title='bbox 1381 4311 1515 4402; x_wconf 91' lang='lat' dir='ltr'>quique</span> <span class='ocrx_word' id='word_1_246' title='bbox 1543 4311 1580 4380; x_wconf 92' lang='lat' dir='ltr'>in</span> 
     </span>
    </p>
   </div>
   <div class='ocr_carea' id='block_1_3' title="bbox 389 4579 747 4869">
    <p class='ocr_par' dir='ltr' id='par_1_8' title="bbox 390 4579 700 4656">
     <span class='ocr_line' id='line_1_33' title="bbox 390 4579 700 4656; baseline -0.003 -20"><span class='ocrx_word' id='word_1_247' title='bbox 390 4583 430 4656; x_wconf 85' lang='lat' dir='ltr'>(r)</span> <span class='ocrx_word' id='word_1_248' title='bbox 444 4581 512 4635; x_wconf 87' lang='lat' dir='ltr'>Trr.</span> <span class='ocrx_word' id='word_1_249' title='bbox 530 4579 603 4643; x_wconf 90' lang='lat' dir='ltr'>Liv.,</span> <span class='ocrx_word' id='word_1_250' title='bbox 619 4579 656 4648; x_wconf 87' lang='lat' dir='ltr'>X,</span> <span class='ocrx_word' id='word_1_251' title='bbox 674 4597 700 4640; x_wconf 87' lang='lat'>1.</span> 
     </span>
    </p>

    <p class='ocr_par' dir='ltr' id='par_1_9' title="bbox 389 4650 747 4869">
     <span class='ocr_line' id='line_1_34' title="bbox 390 4650 747 4722; baseline 0 -13"><span class='ocrx_word' id='word_1_252' title='bbox 390 4657 430 4722; x_wconf 79' lang='lat' dir='ltr'>(a)</span> <span class='ocrx_word' id='word_1_253' title='bbox 443 4650 529 4721; x_wconf 73' lang='lat' dir='ltr'>laid,</span> <span class='ocrx_word' id='word_1_254' title='bbox 543 4651 683 4721; x_wconf 86' lang='lat' dir='ltr'>XXVIII,</span> <span class='ocrx_word' id='word_1_255' title='bbox 703 4668 747 4709; x_wconf 82' lang='grc' dir='ltr'>ιο.</span> 
     </span>
     <span class='ocr_line' id='line_1_35' title="bbox 390 4721 729 4796; baseline -0.015 -16"><span class='ocrx_word' id='word_1_256' title='bbox 390 4725 430 4796; x_wconf 70' lang='lat' dir='ltr'>(tt</span> <span class='ocrx_word' id='word_1_257' title='bbox 446 4722 531 4793; x_wconf 74' lang='lat' dir='ltr'>loia,</span> <span class='ocrx_word' id='word_1_258' title='bbox 548 4722 683 4793; x_wconf 89' lang='lat' dir='ltr'>XXXIX,</span> <span class='ocrx_word' id='word_1_259' title='bbox 702 4721 729 4776; x_wconf 84' lang='lat'>3.</span> 
     </span>
     <span class='ocr_line' id='line_1_36' title="bbox 389 4792 734 4869; baseline -0.009 -19"><span class='ocrx_word' id='word_1_260' title='bbox 389 4796 430 4869; x_wconf 87' lang='lat'>(4)</span> <span class='ocrx_word' id='word_1_261' title='bbox 444 4793 529 4868; x_wconf 73' lang='lat' dir='ltr'>lata,</span> <span class='ocrx_word' id='word_1_262' title='bbox 546 4792 670 4863; x_wconf 90' lang='lat' dir='ltr'>XXXII,</span> <span class='ocrx_word' id='word_1_263' title='bbox 688 4793 734 4848; x_wconf 85' lang='lat'>26.</span> 
     </span>
    </p>
   </div>
   <div class='ocr_carea' id='block_1_4' title="bbox 0 0 1868 6050">
    <p class='ocr_par' dir='ltr' id='par_1_10' title="bbox 0 0 1868 6050">
     <span class='ocr_line' id='line_1_37' title="bbox 0 0 1868 6050; baseline 0 2"><span class='ocrx_word' id='word_1_264' title='bbox 0 0 1868 6050; x_wconf 95' lang='lat' dir='ltr'> </span> 
     </span>
    </p>
   </div>
  </div>
 </body>
</html>
