3725 6050
353 851 511 921 nendum
531 866 594 937 est,
617 849 699 940 quin
715 848 757 917 de
773 847 866 916 illius
886 846 1010 916 aetatis
1029 846 1231 916 hominibus
1252 846 1451 937 quidquam
1466 845 1585 915 credat

353 967 405 1036 vel
416 965 525 1035 <etiam
546 980 702 1054 quaerat,
726 982 799 1033 tam
820 963 924 1034 multi
945 965 989 1034 de
1005 961 1162 1033 Catilina
1177 962 1352 1047 dixerunt,
1366 979 1535 1052 tantaque
1550 961 1585 1029 in

354 1084 430 1152 luce
444 1082 518 1170 ejus
540 1081 669 1168 scelera
688 1080 800 1170 posita
826 1081 982 1159 fuerunt,
1005 1095 1043 1148 ut
1057 1078 1099 1149 de
1114 1078 1158 1147 iis
1173 1077 1317 1170 quidem
1335 1100 1405 1146 non
1421 1076 1468 1144 sit
1483 1077 1584 1167 quod

354 1197 502 1267 dubites.
1220 1239 1240 1296 a
1410 1258 1416 1270 .

342 1341 347 1347 ·
399 1315 482 1384 Non
497 1328 568 1381 erat
583 1311 677 1380 euim
690 1334 771 1380 sane
784 1309 953 1381 Catilinae
966 1310 1198 1392 adversarius,
1210 1325 1249 1379 ut
1261 1331 1377 1378 unum
1391 1309 1582 1400 appellem,

344 1428 544 1501 Sallustius
571 1428 644 1518 ipse
668 1427 743 1518 qui,
758 1442 826 1495 tres
841 1444 875 1495 et
899 1426 1023 1518 viginti
1052 1448 1164 1496 annos
1189 1442 1306 1513 natus,
1332 1424 1585 1513 conjurationis

344 1562 522 1634 tempore,
540 1543 626 1633 quid
642 1544 686 1612 de
703 1541 857 1613 Catilina
875 1564 945 1610 non
960 1541 1005 1610 ab
1019 1540 1183 1623 inimicis,
1193 1541 1287 1610 seda
1303 1539 1462 1631 plurimis
1476 1538 1584 1609 senti-

354 1677 450 1728 retur
464 1673 591 1728 notum
612 1659 740 1728 habere
752 1656 918 1727 facillime
932 1657 1059 1746 potuit.
1076 1656 1150 1746 Qui
1163 1656 1266 1725 etiam
1284 1655 1416 1725 factum
1430 1672 1528 1725 esset
1545 1672 1599 1746 ut

355 1774 480 1847 Cicero
497 1775 540 1843 de
563 1774 722 1862 ejusdem
739 1772 929 1842 sceleribus
945 1772 993 1841 ita
1006 1772 1041 1840 in
1053 1787 1174 1840 senatu
1190 1771 1245 1841 vel
1262 1772 1296 1840 in
1310 1770 1387 1840 foro
1401 1770 1542 1853 diceret,
1557 1771 1585 1840 si

355 1889 551 1958 timendum
571 1888 622 1956 illi
648 1905 755 1969 esset,·
768 1906 805 1957 ut
826 1890 893 1977 jam
912 1887 993 1974 dixi,
1008 1910 1050 1957 ne
1064 1887 1167 1957 amici
1181 1886 1331 1958 hominis
1344 1908 1425 1956 eum
1439 1886 1584 1957 mentiri

354 2006 566 2074 clamarent!
595 2006 641 2073 Et
667 2027 703 2074 re
728 2026 807 2073 vera
829 2027 900 2072 non
922 2006 1171 2093 clamaverunt,
1192 2003 1409 2094 tacendoque
1431 2003 1584 2073 confessi

354 2137 437 2188 sunt
453 2118 537 2188 nihil
554 2142 629 2189 esse
644 2121 740 2210 quod
754 2124 939 2210 negarent(
966 2127 986 2207 ).

304 2306 305 2309 ,
401 2236 523 2325 Neque
541 2253 595 2305 est
610 2238 863 2329 neglegendum
880 2235 998 2304 animo
1014 2235 1136 2304 audaci
1151 2252 1255 2326 atque
1270 2235 1314 2303 ad
1328 2234 1448 2303 omnia
1458 2250 1584 2337 parato

341 2373 427 2420 non
455 2367 588 2420 tantum
618 2351 725 2420 fuisse
751 2350 868 2441 ipsum
893 2349 1091 2434 Catilinam,
1102 2352 1164 2420 sed
1194 2350 1372 2436 intereos,
1395 2350 1454 2440 qui
1479 2350 1584 2419 illum

354 2483 597 2557 sequerentur,
615 2468 745 2558 impetu
760 2466 921 2557 vitiisque
939 2468 1069 2535 multos
1083 2467 1112 2535 ei
1127 2466 1234 2536 fuisse
1251 2466 1392 2552 similes,
1409 2467 1462 2534 vel
1476 2466 1584 2535 etiam

352 2582 579 2672 praestitisse,
606 2582 654 2651 ita
673 2582 816 2671 quidem
842 2600 892 2667 ut,
925 2583 955 2651 si
984 2582 1057 2672 ipse
1082 2587 1169 2651 forte
1195 2582 1229 2651 in
1252 2604 1289 2651 re
1310 2583 1405 2651 mala
1433 2582 1586 2652 haesita·

353 2697 470 2784 visset,
486 2697 711 2766 haesitantem
725 2697 977 2767 stimulassent.

348 2865 350 2870 .
397 2814 459 2898 At,
491 2811 667 2901 inquiunt,
690 2812 832 2881 minime
855 2813 1007 2906 intellegi
1035 2831 1150 2904 potest
1174 2835 1281 2903 quare
1307 2812 1469 2897 Catilina,
1497 2814 1584 2883 urbe

354 2926 506 3016 undique
521 2944 667 3013 vastata,
682 2927 717 2996 in
736 2930 894 3019 quadam
907 2929 1009 3020 quasi
1024 2928 1209 2999 solitudine
1219 2951 1362 3021 regnare
1374 2928 1536 2998 voluerit.

398 3043 537 3133 Optime
554 3045 695 3135 quidem
722 3044 868 3114 dictum!
891 3047 962 3115 Res
986 3063 1103 3115 autem
1131 3068 1200 3116 nott
1223 3045 1269 3116 ita
1284 3069 1320 3115 se
1347 3046 1511 3115 habebat.
1530 3047 1585 3115 Ea

354 3158 450 3228 enirn
478 3159 650 3231 Catilinae
671 3183 772 3229 mens
796 3179 880 3247 erat,
897 3183 967 3233 uon
991 3162 1133 3251 quidem
1151 3179 1190 3231 ut
1211 3160 1339 3231 urbem
1360 3161 1586 3230 solitudinem

355 3276 542 3365 quamdam
560 3276 700 3363 faceret,
715 3276 777 3345 sed
792 3295 843 3362 ut,
861 3277 1048 3346 interfectis
1070 3278 1112 3346 iis
1136 3278 1197 3369 qui
1213 3277 1277 3348 sibi
1297 3278 1486 3362 obstarent,
1509 3289 1585 3346 vas·

353 3380 502 3482 tatisque
519 3414 641 3460 eorum
663 3390 779 3478 bonis,
796 3393 865 3481 jam
880 3393 954 3461 sine
969 3392 1030 3462 illo
1044 3410 1139 3462 metu
1152 3393 1293 3484 ullaque
1310 3415 1393 3462 cura
1409 3411 1583 3482 regnaret.

399 3506 498 3576 Nihil
514 3523 564 3576 est
577 3507 678 3599 igitur
695 3508 792 3599 quod
810 3507 1006 3577 incredibile
1020 3509 1190 3578 existimes
1203 3532 1242 3577 ex
1258 3507 1302 3576 iis
1318 3531 1411 3599 quae
1424 3532 1446 3577 a
1459 3509 1586 3597 conju-

354 3621 437 3690 ratis
449 3639 572 3714 parata
585 3623 690 3691 fuisse
705 3640 834 3692 veteres
849 3624 961 3693 cuncti
973 3624 1151 3714 scriptores
1164 3623 1400 3693 consentiunt.

399 3738 523 3823 Neque
536 3761 621 3807 sane
632 3739 674 3807 de
691 3739 733 3806 iis
744 3738 808 3808 tibi
823 3738 985 3808 dubitare
999 3739 1075 3809 licet
1089 3761 1131 3808 eo
1154 3739 1249 3830 quod
1264 3739 1364 3825 forte,
1379 3740 1434 3808 vel
1457 3739 1584 3830 cuique

351 3853 513 3941 populari
529 3854 657 3922 civitati
671 3854 793 3924 animo
817 3853 931 3923 faveas
956 3855 1208 3946 popularisque
1223 3856 1330 3925 homo
1351 3853 1501 3925 Catilina
1519 3855 1582 3925 tibi

353 3966 495 4055 placeat,
509 3969 575 4053 vel,
600 3969 731 4039 liberae
749 3969 875 4038 civitati
893 3969 1071 4055 inimicus,
1086 3970 1254 4060 quidquid
1274 3970 1466 4040 libertatem
1485 3978 1582 4039 eve‘r-

391 4162 432 4234 (1)
454 4162 533 4234 Lege
550 4162 673 4235 quidde
688 4164 819 4221 Catilina
835 4167 990 4240 scripserit
1002 4168 1173 4222 Mommsen
1189 4184 1196 4222 :
1212 4188 1227 4218 a
1243 4166 1375 4223 Catilina
1391 4166 1436 4222 fut
1450 4166 1513 4221 l’un
1526 4167 1582 4223 des

355 4233 424 4306 plus
438 4232 562 4288 selerats
577 4234 653 4290 dans
665 4253 698 4291 ee
712 4237 803 4292 siecle
817 4238 927 4294 fe'cond
938 4255 975 4293 en
995 4237 1200 4298 sce'le'ratesse.
1217 4238 1272 4295 Ses
1286 4251 1370 4295 tours
1386 4238 1424 4293 de
1434 4238 1582 4310 jeunesse

354 4304 586 4385 appartiennent
599 4325 657 4361 aux
672 4306 781 4381 greffes
796 4308 1069 4395 criminels,plutot
1084 4309 1152 4381 qu’a
1163 4308 1322 4365 l’histoire.
1333 4309 1415 4365 Tout
1430 4325 1486 4364 son
1500 4309 1583 4365 exte-

248 4439 251 4445 ,
355 4394 446 4446 rreur,
468 4394 500 4431 sa
517 4376 581 4433 face
602 4378 710 4448 bleme,
732 4396 788 4434 son
809 4379 861 4434 oeil
886 4380 985 4461 ⁸e'gare‚
1002 4397 1035 4435 sa
1050 4380 1211 4436 de'marche
1230 4380 1337 4436 moitie
1358 4397 1536 4452 paresseuse
1552 4393 1583 4437 et

356 4447 461 4504 moitie'
480 4448 590 4520 hadre,
607 4449 762 4505 trahissait
777 4467 818 4505 un
836 4450 956 4507 sinistre
974 4451 1072 4524 passe'.
1088 4451 1112 4506 Il
1131 4450 1287 4524 possedait
1304 4453 1320 4507 a
1336 4468 1377 4505 un
1395 4450 1469 4506 haut
1488 4451 1582 4524 degre

355 4518 398 4574 les
415 4518 544 4591 qualite's
560 4522 597 4577 de
613 4521 684 4576 chef
696 4522 732 4577 de
749 4521 847 4577 bande
865 4522 1012 4578 :sachant
1028 4521 1108 4593 jouir
1124 4535 1152 4578 et
1168 4522 1295 4578 sachant
1310 4539 1342 4577 se
1357 4521 1468 4595 priver,
1488 4536 1584 4595 ayant

354 4589 382 4644 le
395 4607 537 4664 courage,
554 4591 582 4647 la
596 4591 815 4648 connaissance
829 4593 882 4649 des
897 4593 1046 4661 hommes,
1062 4593 1204 4667 l'e'nergie
1219 4594 1259 4649 du
1278 4593 1381 4662 crime,
1400 4605 1429 4648 et
1444 4592 1583 4650 maniant

354 4678 391 4716 en
406 4660 514 4718 maitre
533 4661 777 4735 l’e'pouvantable
789 4663 1018 4736 enseignement
1033 4664 1073 4719 du
1093 4665 1168 4734 vice,
1183 4664 1235 4737 qui
1253 4681 1364 4736 pousse
1381 4663 1425 4720 les
1440 4662 1548 4720 faibles
1564 4666 1582 4720 a

355 4730 423 4812 leur
435 4732 537 4804 chute,
549 4746 588 4803 et,
606 4736 692 4859 apres
708 4734 736 4790 la
751 4734 852 4806 chute,
869 4753 906 4791 au
921 4735 1035 4792 forfait.
1053 4755 1065 4788 ν
1082 4734 1174 4807 (Hist.
1188 4737 1287 4805 Rom,
1304 4735 1381 4792 trad.
1396 4734 1581 4806 Alexandro,

356 4804 441 4858 Paris
458 4803 542 4871 1868,
560 4804 617 4861 t.V
636 4845 643 4862 .
659 4822 688 4878 p.
707 4805 785 4879 327.)
