3725 6050
917 981 940 1044 'e

906 1047 955 1089 *lt

357 1192 389 1240 2.
405 1169 512 1261 Quod
523 1184 562 1238 ut
575 1165 779 1260 gravissima
792 1166 926 1236 ratione
940 1165 1186 1235 confirmatum
1200 1166 1342 1251 habeas,
1360 1163 1443 1235 satis
1459 1163 1536 1248 erit,

313 1286 342 1356 si
354 1309 485 1355 memor
497 1284 606 1353 fueris
617 1283 703 1371 quid
716 1284 757 1352 de
772 1283 839 1365 his,
848 1281 1020 1353 Catilinae
1035 1300 1202 1374 tempore,
1213 1283 1314 1375 vulgo
1327 1298 1537 1351 censeretur.

316 1406 364 1484 Ut
372 1403 487 1473 virum
499 1402 683 1493 appellem,
699 1400 734 1469 in
747 1400 922 1490 republica
930 1402 1084 1492 gerenda
1095 1417 1279 1487 versatum,
1293 1416 1435 1490 tamque
1449 1399 1539 1489 opti·

315 1519 468 1589 matibus
494 1513 679 1587 inimicum
705 1534 745 1585 ut
772 1516 891 1585 omnia
918 1516 1057 1607 publica
1083 1518 1173 1586 mala
1200 1516 1244 1586 ab
1272 1515 1342 1584 illis
1366 1513 1538 1607 originem

314 1634 505 1727 sumpsisse
526 1633 756 1717 contenderit,
781 1632 1070 1723 nequeCiceroni
1089 1633 1156 1724 ipsi
1172 1631 1376 1724 pepercerit,
1397 1630 1540 1700 notissi-

314 1773 392 1821 mus
416 1749 473 1819 hic
498 1749 659 1823 Sallustii
686 1751 799 1834 locus,
821 1751 865 1819 ad
891 1772 998 1840 quem
1026 1748 1179 1818 maxime
1203 1748 1360 1817 animum
1383 1747 1539 1817 attendas

313 1867 406 1937 haud
420 1866 516 1958 parvi
534 1864 636 1957 pretii
653 1882 705 1935 est
723 1890 730 1936 :

360 1985 532 2076 ultaque,
560 1982 656 2075 quod
680 1983 885 2073 plerumque
908 1980 945 2049 in
968 1980 1082 2051 atroci
1107 1980 1244 2073 negotio
1266 1982 1368 2065 solet,
1399 1994 1541 2050 senatus

316 2099 464 2170 decrevit
483 2100 602 2169 darent
615 2121 756 2190 operam
770 2099 944 2181 consules,
966 2120 1009 2166 ne
1026 2097 1111 2189 quid
1127 2097 1330 2188 respublica
1344 2093 1541 2166 detrimenti

315 2234 462 2307 caperet.
480 2218 534 2286 Ea
553 2232 707 2307 potestas
728 2239 789 2307 per
814 2232 994 2297 senatum,
1010 2236 1111 2282 more
1132 2216 1306 2294 Romano,
1323 2211 1541 2305 magistratui

316 2354 479 2401 maxuma
493 2330 720 2423 permittitur,
734 2330 918 2400 exercitum
935 2352 1073 2421 parare,
1088 2330 1224 2398 bellum
1240 2352 1368 2420 gerere,
1383 2350 1542 2428 coercere

316 2447 480 2517 omnibus
496 2446 610 2517 modis
626 2446 736 2516 socios
760 2465 865 2537 atque
885 2446 983 2533 civis,
1000 2445 1094 2513 dorni
1116 2444 1333 2535 militiaeque
1352 2444 1541 2534 imperium

314 2581 416 2655 atque
430 2563 601 2654 judicium
612 2586 791 2632 summum
807 2563 947 2647 habere3
957 2560 1147 2646 aliter,sine
1160 2562 1279 2652 populi
1291 2560 1541 2651 jussu,nullius

315 2702 433 2750 earum
448 2702 565 2749 rerum
579 2678 718 2749 consuli
735 2680 787 2767 jus
801 2697 852 2747 est
866 2681 922 2766 (1).
944 2708 960 2741 »

359 2796 518 2888 Propriis
528 2794 637 2888 igitur
652 2793 769 2864 verbis
786 2793 1064 2863 controversiam
1079 2792 1135 2862 hic
1149 2793 1360 2884 diremptam
1374 2792 1493 2877 habes,
1509 2809 1542 2861 et

317 2912 461 3004 quidem
474 2912 673 2980 firmissime
684 2929 716 2980 et
731 2910 962 3001 apertissime,
975 2933 994 2979 a
1010 2910 1088 2980 viro
1101 2933 1248 2979 romano
1268 2928 1375 3002 atque
1400 2905 1541 2995 idoneo,

315 3030 425 3119 cujus,
446 3046 483 3098 ut
497 3028 675 3113 vidisti,ea
690 3029 831 3097 demum
846 3051 943 3097 mens
960 3046 1034 3097 erat
1049 3045 1098 3112 ut,
1113 3028 1305 3097 acerrimus
1318 3027 1542 3119 popularium

315 3145 470 3236 partium
489 3144 666 3231 defensor,
682 3144 854 3235 quidquid
873 3162 989 3235 ageret
1012 3162 1166 3230 senatus,
1188 3162 1309 3213 contra
1331 3143 1452 3235 populi
1468 3145 1542 3232 jura
1613 3158 1616 3165 “

316 3261 522 3353 praesertim
550 3260 776 3330 libentissime
794 3261 1072 3351 reprehenderet.
1087 3264 1251 3330 Attamen
1267 3261 1363 3329 haud
1376 3276 1543 3328 cunctan-

314 3378 551 3468 ter,nullaque
571 3376 778 3468 interposita
788 3377 1017 3462 dubitatione,
1031 3376 1226 3468 legitimum
1239 3377 1305 3445 hoc
1320 3399 1394 3445 esse
1409 3377 1541 3467 profite·

317 3509 372 3563 tur
387 3511 426 3563 ut
436 3492 675 3580 consul,facto
684 3494 988 3562 senatusconsulto
1001 3492 1138 3581 ultimo,
1149 3493 1219 3583 jam
1229 3493 1302 3561 sine
1313 3491 1432 3583 populi
1445 3515 1541 3580 jussu

315 3608 504 3700 imperium
531 3608 772 3701 judiciumque
797 3632 995 3696 summum,
1018 3609 1165 3678 militiae
1180 3607 1360 3700 domique,
1377 3608 1482 3677 etiam
1502 3606 1539 3676 in

316 3726 406 3796 cives
425 3743 579 3797 exerceat
597 3728 652 3814 (2).

367 3950 390 4018 tl
403 3947 505 4017 cuit,
522 3949 634 4013 XXIX,

350 3948 389 4092 la)
404 4018 576 4076 Arbitratur
594 4020 766 4076 Mommsen
781 4039 844 4076 non
857 4020 916 4076 alio
936 4020 1019 4076 fonte
1039 4038 1074 4076 ea
1090 4019 1254 4092 sumpsisse
1269 4017 1458 4090 Sallustium,
1496 4018 1539 4075 ui-

315 4091 371 4146 bus
390 4090 436 4162 jus
451 4090 527 4147 illud
542 4104 664 4147 senatus
680 4092 874 4164 consulisque
896 4092 939 4147 sic
954 4092 1148 4157 describeret,
1166 4109 1256 4171 quarn
1277 4109 1313 4146 ex
1328 4091 1392 4162 jure
1407 4038 1539 4163 quoiam

314 4161 439 4231 usitato,
454 4162 511 4232 vel,
524 4175 556 4217 ut
569 4163 668 4218 verbis
680 4165 744 4236 ejus
758 4177 834 4234 utar,
851 4186 864 4214 u
881 4163 998 4236 d'aptes
1012 4181 1070 4218 une
1084 4162 1229 4219 tradition
1246 4164 1283 4218 dc
1297 4162 1377 4219 droit
1397 4163 1512 4218 ¹etablie
1523 4185 1537 4214 »

316 4231 448 4306 (Manuel
462 4233 511 4289 des
522 4233 681 4308 Antiquites
700 4235 855 4304 romaines,
873 4248 928 4290 etc.
947 4248 967 4289 t.
984 4235 1050 4299 Vll,
1072 4253 1101 4307 p.
1115 4253 1182 4305 474,
1199 4248 1270 4289 note
1287 4235 1325 4305 3).
1343 4235 1411 4302 Qua
1423 4235 1539 4307 conjec-

314 4316 381 4359 tura
393 4303 469 4359 nihil
485 4302 518 4360 lit
531 4304 589 4360 nisi
604 4318 636 4361 ut
651 4305 787 4361 Sallustii
800 4305 967 4361 sententiae
978 4305 1022 4361 vis
1036 4306 1184 4387 quaedam
1196 4307 1292 4378 major
1303 4306 1373 4361 addi
1389 4305 1537 4366 videatur,

314 4374 453 4431 Willems
463 4393 545 4444 vero,
561 4375 592 4430 in
605 4376 658 4431 illo
675 4395 764 4458 quem
778 4378 814 4432 de
828 4390 934 4432 senatu
952 4377 1071 4449 scripsrt
1085 4377 1163 4432 libro
1174 4379 1225 4449 (ll,
1244 4379 1309 4447 252,
1326 4391 1397 4433 note
1413 4379 1452 4449 6),
1470 4395 1538 4431 curn

315 4445 395 4501 hunc
406 4446 507 4501 locum
523 4446 731 4518 Sallustii,srbi
746 4448 914 4520 ceterisque
927 4448 1107 4521 negantibus
1121 4448 1285 4520 legitimam
1299 4449 1392 4504 fuisse
1404 4448 1539 4503 consulis

315 4534 463 4573 summam
475 4519 757 4591 potestatemvalde
772 4518 1000 4574 incommodum
1016 4537 1081 4574 esse
1098 4533 1176 4575 recte
1192 4533 1287 4592 putet,
1301 4538 1369 4574 eum
1384 4520 1420 4574 de
1436 4518 1537 4573 medio

314 4588 380 4644 tolli
396 4589 489 4662 jubet,
505 4590 588 4645 nulla
607 4590 666 4644 alia
682 4590 798 4646 ratione
814 4590 981 4657 fretus,nisi
999 4592 1081 4663 quod
1097 4591 1182 4645 illurn
1198 4591 1413 4663 interpolatum
1427 4590 1538 4644 habere

315 4659 372 4716 sibi
392 4660 519 4733 placeat.
532 4662 594 4716 Cur
609 4673 709 4717 autern
725 4662 834 4716 habeat
850 4662 1067 4735 interpolatum
1082 4662 1156 4716 haec
1166 4679 1226 4716 una
1240 4679 1331 4716 causa
1346 4661 1485 4732 estquod
1501 4677 1537 4714 eo

314 4731 383 4786 loco
413 4731 603 4805 apertissime
624 4733 750 4788 docetur
771 4733 919 4789 sententia
942 4733 1109 4788 sententiae
1133 4733 1227 4804 ipsius
1246 4732 1382 4788 Willems
1399 4732 1535 4789 adversa.

316 4801 426 4858 Miram
443 4820 515 4859 sane
540 4817 630 4876 atque
655 4803 838 4878 singularem
859 4805 937 4860 viam
954 4804 1162 4884 rationemque
1179 4821 1271 4876 opera
1287 4817 1420 4858 veterum
1443 4801 1536 4857 inter-

314 4873 453 5001 pretendi
463 4874 469 4929 l
481 4873 615 4930 Primum
630 4875 667 4930 de
681 4893 711 4931 re
724 4877 854 4948 quadarn
868 4875 1090 4949 antiqua,quod
1104 4875 1158 4930 ttbi
1170 4876 1268 4946 placet
1279 4874 1411 4943 credere,
1426 4873 1536 4928 credis.

344 4945 432 5002 einde
446 4945 595 5020 quidquid
610 4958 716 5004 contra
732 4947 913 5005 sententiam
925 4960 1008 5005 tuam
1019 4948 1099 5020 apud
1115 4945 1278 5020 scriptores
1293 4959 1409 5002 veteres
1422 4944 1537 5002 inveni·
