3725 6050
828 858 1025 953 ..37..„

315 1032 412 1100 nullo
428 1030 532 1100 modo
548 1030 719 1121 potuisset
741 1030 816 1101 fore
839 1049 875 1100 ut
891 1032 937 1100 ad
961 1052 1064 1100 suam
1090 1030 1166 1122 ipse
1188 1030 1397 1100 sententiam
1422 1032 1541 1100 Patres

313 1146 543 1237 Conscriptos
564 1145 770 1215 adduceret.
1075 1133 1081 1151 ⁸

358 1264 406 1330 At
422 1261 509 1353 quid
530 1261 633 1330 inde?
649 1261 848 1331 Parendum
864 1279 938 1331 erat
953 1261 1101 1353 legibus,
1117 1281 1361 1353 quaecumque
1376 1260 1544 1352 consequi

315 1395 492 1469 poterant,
516 1376 546 1445 si
570 1377 661 1467 leges
685 1377 805 1467 utique
833 1377 995 1446 facienda
1019 1378 1187 1466 juberent.
1213 1376 1275 1447 Sin
1299 1392 1417 1445 autern
1445 1377 1542 1467 quod
1632 1428 1634 1431 ψ
1682 1400 1691 1426 ·

316 1493 492 1587 jubebant,
511 1492 548 1559 id
562 1491 671 1561 facere
684 1509 747 1561 aut
760 1492 925 1562 omittere
939 1492 1057 1561 liceret
1069 1515 1134 1583 pro
1150 1492 1318 1583 temporis
1337 1491 1478 1571 ratione,
1506 1509 1544 1562 ut

316 1607 486 1677 orationis
500 1606 646 1676 fortuna
659 1609 823 1699 salusque
836 1608 966 1678 civium
983 1608 1196 1698 postulabat,
1211 1610 1281 1697 jam
1301 1606 1543 1697 quaerendum
1605 1688 1607 1694 ,
1644 1643 1649 1649 -

318 1723 536 1793 senatoribus
546 1741 687 1792 tantum
696 1741 769 1793 erat
779 1745 864 1792 num
877 1726 973 1793 salus
985 1724 1213 1814 reipublicae,
1226 1747 1295 1809 qua
1308 1724 1403 1791 nulla
1412 1722 1480 1791 alia
1489 1745 1544 1792 res

316 1838 507 1929 antiquior,
521 1857 675 1927 posceret
695 1856 732 1907 ut
748 1840 920 1927 conjurati
933 1839 1217 1920 interficerentur.
1235 1838 1274 1911 Si
1289 1820 1430 1930 poscere
1444 1838 1542 1907 vide·

315 1954 432 2035 batur,
444 1971 517 2023 tam
534 1954 674 2022 senatui
689 1954 813 2023 licebat
826 1957 918 2047 leges
934 1978 997 2044 pro
1012 1955 1160 2024 consilio
1179 1978 1244 2023 suo
1261 1954 1484 2045 interpretari
1499 1956 1543 2024 de

316 2068 566 2137 damnatorum
582 2087 693 2138 morte
711 2092 817 2161 quarn
834 2069 979 2142 Caesari
997 2072 1039 2139 de
1058 2070 1193 2139 exsilio

362 2186 492 2267 Immo,
508 2207 581 2253 non
595 2186 842 2264 tantummodo
870 2208 961 2276 quae
989 2185 1164 2254 damnatis
1191 2185 1429 2254 concedebant
1451 2186 1544 2276 leges

316 2299 457 2368 concedi
471 2300 608 2369 nolebat
623 2300 751 2371 Caesar
761 2301 839 2390 conj
845 2301 968 2386 uraris,
993 2302 1053 2369 sed
1064 2322 1132 2389 qua
1153 2324 1258 2391 poena
1272 2300 1435 2369 mulctari
1451 2300 1543 2370 cives

317 2413 493 2497 vetabant,
521 2438 559 2483 ea
583 2416 803 2484 mulctandos
827 2439 904 2485 esse
927 2417 1122 2505 conjuratos
1146 2417 1320 2485 censebat.
1346 2415 1437 2483 Dicit
1451 2414 1544 2483 enim

317 2529 414 2619 apud
426 2528 662 2600 Sallustium:
683 2559 698 2597 ι(
724 2533 777 2600 lta
800 2553 922 2600 censeo
942 2558 949 2600 :
969 2532 1198 2623 publicandas
1220 2554 1341 2600 eorum
1365 2531 1529 2622 pecunias

316 2644 413 2734 ips-os
427 2645 462 2712 in
481 2645 631 2715 vinculis
646 2646 825 2715 habendos
844 2670 907 2737 per
921 2647 1124 2736 municipia,
1138 2670 1228 2738 quae
1239 2669 1400 2715 maxume
1415 2646 1542 2736 opibus

315 2759 440 2842 valent,
461 2783 528 2828 neu
552 2761 630 2850 quis
653 2764 696 2831 de
721 2762 772 2829 eis
798 2780 918 2853 postea
942 2762 986 2831 ad
1011 2780 1169 2831 senatum
1190 2762 1327 2842 referat,
1352 2785 1437 2832 neve
1463 2783 1544 2830 cum

315 2875 446 2964 populo
462 2892 561 2967 agat;
576 2876 639 2967 qui
656 2877 758 2946 aliter
773 2877 905 2961 lecerit,
921 2891 1083 2947 senatum
1097 2878 1311 2947 existumare
1325 2900 1408 2947 eum
1423 2895 1545 2946 contra

316 3012 387 3058 rem
399 2990 581 3080 publicam
596 3008 628 3060 et
644 2994 792 3062 salutem
805 2993 973 3062 omniurn
987 2993 1172 3062 facturum.
1191 3021 1207 3057 »
1227 2974 1229 2978 ¹

361 3108 399 3175 In
424 3106 564 3176 vincula
588 3107 707 3198 igitur,
726 3131 836 3198 eaque
858 3109 1084 3199 sempiterna,
1110 3127 1147 3178 ut
1170 3110 1220 3179 ait
1243 3109 1369 3180 Cicero
1394 3113 1452 3198 (ι),
1468 3110 1545 3178 illos

315 3221 440 3310 conjici
453 3222 566 3310 jussit.
584 3225 690 3295 Unde
705 3223 836 3293 factum
851 3242 904 3292 est
919 3243 955 3293 ut
971 3223 1123 3310 Silanus,
1138 3225 1198 3314 qui
1215 3242 1402 3293 censuerat
1419 3225 1543 3295 ultimo

314 3337 486 3427 supplicio
502 3338 735 3422 mulctandos,
752 3361 847 3420 curn,
865 3340 990 3408 audito
1003 3341 1168 3422 Caesare,
1186 3339 1394 3409 sententiam
1409 3358 1543 3426 mutare

313 3453 425 3533 vellet,
452 3454 608 3543 profiteri
635 3455 786 3545 potuerit
809 3479 845 3524 se
871 3478 942 3524 non
970 3472 1121 3524 mortem
1152 3455 1355 3537 decrevisse,
1381 3455 1442 3523 sed
1467 3478 1543 3524 car-

313 3588 437 3649 cerem,
453 3585 492 3636 ut
516 3570 717 3638 decreverat
731 3570 879 3652 Caesam
902 3602 916 3632 α
938 3571 973 3640 id
990 3571 1091 3640 enim
1114 3595 1189 3641 esse
1205 3571 1275 3641 civi
1290 3594 1437 3641 romano
1461 3570 1542 3639 ulti-

315 3703 412 3750 mum
440 3685 654 3774 supplicium
676 3713 707 3754 n.
729 3687 815 3776 Quo
835 3704 927 3756 certe
949 3687 1091 3756 nomine
1113 3688 1145 3756 ei
1167 3687 1278 3756 dicere
1305 3710 1373 3755 non
1398 3686 1542 3756 licuerat

312 3819 463 3887 poenam
475 3800 568 3868 illam
592 3801 822 3887 levissimam,
839 3825 919 3899 qua,
938 3803 1023 3871 dum
1033 3802 1285 3891 judicarentur,
1310 3802 1346 3870 in
1369 3803 1543 3871 custodias

312 3911 421 3983 habiti
436 3932 551 3983 essent
566 3916 754 4005 conjurati,
767 3940 924 4007 quaeque
940 3941 1159 4008 verepoena,
1176 3919 1205 3985 si
1219 3918 1297 4006 quis
1316 3918 1458 4007 proprio
1474 3939 1544 3986 ser·

242 4054 245 4059 ·
314 4050 420 4098 mone
435 4030 485 4098 uti
500 4031 595 4117 velit,
612 4055 683 4101 non
701 4033 746 4103 sit
767 4034 986 4123 appellanda.
1010 4034 1121 4126 Igitur
1142 4056 1212 4102 non
1238 4021 1374 4102 videtur
1396 4057 1472 4102 esse
1483 4055 1544 4100 cur

314 4143 452 4212 dubites
473 4146 559 4237 quin
583 4170 641 4216 eos
663 4147 700 4218 in
726 4166 898 4240 perpetua
919 4173 1064 4240 prorsus
1089 4149 1228 4218 vincula
1252 4149 1441 4218 mittendos
1463 4170 1541 4217 esse

314 4257 446 4329 Caesar
461 4263 630 4331 censuerit
646 4267 655 4352 (
680 4267 703 4352 l.

349 4420 375 4489 (1
410 4419 558 4478 IVCatt'l.
585 4423 636 4482 lV.

354 4421 396 4562 (al)
416 4492 503 4548 Errat
517 4467 610 4566 igilur
627 4494 808 4550 Plutarchus
823 4513 894 4551 curn
907 4495 1015 4552 scribit
1028 4495 1198 4552 eamfuisse
1219 4495 1343 4551 Caesari
1360 4496 1542 4551 sententiam

313 4579 346 4622 ut
366 4563 517 4635 conjurati
532 4564 663 4620 vinculis
678 4579 892 4622 coercerentur
913 4566 946 4622 in
968 4580 1098 4638 tempus,
1116 4569 1163 4624 vel
1178 4571 1261 4638 (nam
1282 4567 1371 4622 aliter
1391 4567 1451 4622 alio
1472 4566 1541 4621 loco

313 4654 378 4692 rem
398 4634 541 4717 explicat)
562 4638 635 4692 dum
658 4637 792 4693 Catilina
815 4638 989 4694 vinceretur
1010 4639 1092 4709 (Cic,
1115 4639 1207 4709 ΧΧΙ),
1229 4636 1276 4693 vel
1296 4638 1369 4692 dum
1390 4639 1427 4693 de
1449 4653 1541 4692 causa

315 4724 422 4764 eorum
446 4721 607 4779 cognttum
632 4719 721 4777 esset,
744 4708 821 4780 (Cat.
852 4709 940 4776 Utic„
961 4708 1081 4782 XXIII),
1107 4723 1141 4764 ut
1159 4709 1278 4764 senatui
1306 4707 1434 4764 facultas
1458 4719 1540 4764 esset

314 4779 475 4835 commode
491 4778 528 4834 de
543 4779 587 4834 eis
601 4777 792 4834 deliberandi
807 4779 941 4852 (Caesar,
951 4781 1028 4851 Vll).
1038 4782 1135 4835 Nemo
1149 4798 1212 4835 non
1224 4779 1307 4836 videt
1319 4797 1382 4834 non
1394 4797 1459 4836 esse
1471 4796 1541 4834 eum

316 4849 513 4905 Plutarchum
533 4849 585 4976 gui
603 4848 634 4903 in
653 4851 709 4905 hac
725 4868 756 4905 re
772 4851 951 4907 Sallustium
965 4864 994 4907 et
1014 4853 1195 4907 Ciceronem
1210 4850 1391 4907 auctoritate
1418 4850 1540 4908 vincere

312 4933 424 5059 pitlpspp,
435 4920 531 5064 {an
556 4938 606 4975 um
618 4933 720 4977 tamen
735 4934 780 4979 est
795 4921 839 4976 illi
849 4923 1025 4995 Appianum
1038 4940 1198 4979 assensum
1211 4940 1290 4983 esse.
1306 4923 1362 4992 (De
1374 4920 1451 4978 Bell.
1464 4921 1538 4992 civ,
