3725 6050
827 826 1023 899 ‘³41‘-

315 1000 400 1047 mars
415 977 597 1048 arbitraire
614 978 676 1047 des
692 978 809 1047 tribus
825 999 964 1048 comme
981 999 1051 1046 une
1075 976 1278 1066 usurpation
1296 978 1338 1047 de
1369 979 1402 1047 la
1425 980 1534 1070 pl‘ebe.

316 1092 432 1166 Sil’on
446 1095 579 1163 entend
590 1094 662 1163 dire
676 1117 739 1185 par
754 1096 786 1163 la
803 1094 999 1185 qu’aucune
1014 1091 1061 1161 loi
1087 1090 1309 1162 n’attribuait
1332 1116 1400 1162 aux
1427 1096 1538 1165 tribus

316 1210 488 1279 l’exercice
502 1210 549 1278 du
563 1209 714 1302 pouvoir
728 1209 908 1301 judiciaire
923 1232 964 1279 en
976 1206 1117 1278 mati'ere
1132 1211 1263 1299 pe'nale,
1280 1232 1324 1278 on
1335 1226 1386 1279 est
1403 1210 1492 1280 dans
1507 1213 1538 1281 le

315 1325 398 1396 vrai.
412 1326 505 1396 Mais
515 1348 561 1396 on
577 1351 597 1395 a
612 1343 683 1396 tort
697 1328 774 1395 d’en
790 1325 876 1395 faire
898 1348 948 1394 un
969 1324 1049 1394 chef
1065 1325 1297 1395 d'accusation
1317 1326 1336 1394 ὲ
1361 1328 1394 1395 la
1414 1328 1541 1419 charge

317 1441 378 1512 des
388 1442 572 1512 tribuns.·.
589 1444 642 1513 En
659 1442 812 1535 agissant
828 1463 965 1511 comme
979 1440 1021 1510 ils
1033 1441 1205 1529 faisaient,
1219 1442 1269 1511 les
1282 1442 1481 1534 magistrats
1498 1444 1541 1513 de

318 1560 350 1627 la
361 1559 462 1651 plebe
479 1582 516 1628 se
529 1558 708 1629 rendaient
723 1560 773 1627 les
785 1558 991 1650 interpretes
1004 1558 1054 1627 du
1069 1558 1250 1629 sentiment
1264 1559 1381 1651 public
1397 1576 1429 1629 et
1453 1559 1542 1629 don·
1643 1549 1646 1556 ¹

319 1675 436 1745 naient
459 1674 669 1746 satisfaction
682 1667 702 1743 ὲ
714 1675 774 1744 des
789 1674 929 1743 besoins
944 1673 1083 1743 sociaux
1097 1676 1154 1762 (1).
1171 1702 1188 1738 »

363 1790 508 1883 Optime
522 1790 688 1883 quideml
706 1791 805 1860 Idem
822 1813 901 1860 vero
916 1789 985 1858 dici
1000 1806 1114 1881 potest
1127 1789 1169 1859 de
1184 1789 1422 1880 jurisdictione
1437 1815 1543 1881 quam

321 1924 462 1978 senatus
477 1906 513 1976 in
525 1907 627 1976 rebus
641 1906 783 1997 trepidis
799 1928 952 1976 exercere
967 1906 1089 1975 solitus
1104 1921 1169 1975 est.
1194 1907 1290 1977 Nam
1316 1906 1345 1975 si
1371 1924 1544 1997 potestate

321 2022 511 2113 iudiciaria,
539 2045 649 2114 quam
677 2024 776 2092 nulla
801 2046 840 2091 ex
867 2024 939 2115 lege
967 2038 1185 2112 acceperant,
1225 2022 1380 2092 comitiis
1406 2023 1545 2093 tributis

321 2140 373 2208 uti
385 2139 515 2209 licitum
530 2156 594 2226 est,
607 2162 668 2208 cur
695 2138 792 2209 idern
813 2139 881 2230 ipsi
910 2161 980 2207 non
1007 2137 1141 2207 licuerit
1167 2140 1331 2209 senatui?
1365 2142 1446 2212 Non
1472 2164 1546 2210 esse

323 2256 433 2325 ullam
447 2256 557 2347 legem
572 2256 737 2346 scriptam
762 2277 833 2346 qua
856 2277 909 2324 res
934 2271 1068 2323 statuta
1087 2254 1193 2323 fuerit
1213 2257 1301 2325 nulli
1328 2275 1391 2338 est,
1415 2257 1543 2344 inquis,

324 2390 533 2465 argumento
559 2384 716 2464 oportere
744 2394 798 2441 res
825 2393 896 2439 non
923 2370 1015 2460 iusta
1044 2393 1160 2462 neque
1184 2371 1339 2465 legitima
1360 2373 1545 2443 habeatur.

326 2490 423 2560 Num
437 2489 480 2558 de
490 2488 597 2580 plebe
614 2488 698 2556 dicis
712 2510 758 2556 an
786 2488 828 2556 de
852 2491 1003 2556 senatu?
1032 2488 1158 2556 Fateor
1182 2487 1263 2556 mihi
1290 2488 1399 2558 videri
1419 2490 1473 2559 vel
1503 2489 1545 2559 de

322 2621 448 2674 neutro
463 2605 518 2674 vel
535 2605 579 2674 de
593 2622 741 2694 utroque
756 2603 951 2672 dicendum.

368 2720 468 2793 Nihil
496 2743 576 2790 sane
600 2720 713 2790 obstat
737 2718 929 2809 quominus
957 2718 1050 2808 plebi
1082 2736 1201 2788 contra
1239 2737 1400 2790 senatum
1430 2721 1546 2791 animo

321 2836 449 2924 faveas,
465 2836 682 2928 quamvis-
696 2858 774 2905 mea
797 2834 942 2926 quidem
952 2834 1127 2903 sententia
1147 2875 1189 2887 -
1213 2837 1311 2926 plebs
1334 2855 1547 2930 senatusque

322 2976 492 3024 romanus
520 2953 620 3024 valde
642 2954 711 3044 jam
738 2950 935 3021 senuerint!
976 2953 1038 3036 At,
1070 2951 1129 3021 ubi
1162 2953 1426 3024 homericorum
1451 2977 1547 3024 more

321 3071 469 3141 heroum
484 3071 525 3140 de
539 3069 691 3139 mortuis
704 3069 870 3138 dimicare
891 3068 1012 3158 placet,
1041 3084 1147 3160 atque
1161 3093 1224 3160 pro
1245 3071 1398 3140 tribunis
1425 3074 1546 3142 adver·

322 3210 382 3257 sus
399 3189 519 3257 Patres
543 3203 646 3269 stare,
664 3209 703 3256 ex
718 3207 830 3275 aequo
855 3202 889 3253 et
910 3184 1004 3253 bono
1033 3189 1153 3253 saltem
1180 3187 1355 3277 agendum
1378 3206 1443 3274 est,
1466 3188 1548 3258 tibi-

322 3326 389 3392 que
414 3302 646 3373 constandum
669 3325 782 3394 neque
806 3301 1012 3384 mutandae,
1046 3318 1183 3370 mutata
1216 3324 1336 3389 causa,
1364 3303 1546 3392 judicandi

321 3421 473 3512 regulae.

366 3536 418 3606 Ne
434 3534 517 3628 quis
531 3535 641 3628 igitur
654 3534 831 3628 negaverit
852 3536 991 3606 obeam
1008 3556 1152 3603 causam
1166 3534 1240 3623 jura
1257 3557 1393 3604 summa
1408 3537 1546 3606 consuli

323 3669 416 3722 extra
435 3650 595 3721 ordinem
610 3652 744 3722 tradere
762 3651 900 3728 senatui
916 3650 1057 3720 licuisse
1068 3651 1164 3741 quod
1178 3650 1362 3740 judiciaria
1377 3668 1548 3743 potestate

323 3770 468 3838 careretl

929 3938 946 3972 a

911 3992 962 4028 a*

369 4135 401 4205 3.
418 4134 580 4228 Denique
593 4136 658 4204 hoc
671 4133 815 4203 tertium
842 4132 1031 4224 opponitur
1045 4150 1301 4225 argumentum,
1329 4158 1390 4226 qut
1411 4136 1547 4227 juribus

323 4252 392 4321 illis
404 4269 500 4322 extra
524 4250 687 4321 ordinem
702 4248 918 4342 acceptisusi
936 4249 1022 4336 sint,
1037 4271 1097 4318 eos
1120 4271 1242 4319 omnes
1259 4274 1388 4342 poenas
1407 4253 1547 4322 tandem

323 4364 1547 4464 dedisse3ScipionemNasicam,L.Opimium„Ciceronemqueipsum

322 4485 470 4555 maxime
482 4469 768 4554 commemorant.
783 4482 976 4553 Videamus
989 4481 1093 4573 igitur
1104 4481 1189 4572 quid
1205 4483 1252 4551 sit
1266 4485 1310 4553 de
1329 4483 1385 4552 his
1408 4485 1545 4576 poenis,

322 4625 409 4693 quas
433 4601 493 4670 isti
508 4600 744 4692 persolverint,
760 4597 992 4669 sentiendum.

367 4719 419 4791 Ut
432 4719 476 4787 de
492 4715 652 4807 Scipione
668 4714 797 4788 Nasica
822 4714 936 4806 primo
959 4714 1083 4802 dicam,
1105 4713 1251 4783 minime
1268 4714 1468 4808 intellegere
1493 4740 1548 4788 me
1603 4713 1606 4719 ’

359 4951 400 5025 (tl
414 4949 499 5021 loia,
515 4966 546 5024 p.
566 4948 698 5006 rba-163.
