3725 6050
835 695 1033 790 -34ss

366 870 484 959 Quare
500 869 644 961 quidam
661 872 790 940 animis
808 871 951 940 incertis
968 871 1219 940 fluctuarentur
1234 872 1393 962 quaeris?
1406 870 1549 959 Quaere

322 986 411 1079 quid
435 985 523 1057 Cato
538 986 683 1077 dignum
697 1009 769 1056 esse
794 987 969 1078 negaverit
983 1010 1024 1056 ex
1047 1010 1119 1079 quo
1134 986 1282 1056 dubiam
1303 986 1547 1056 haesitantium

320 1120 474 1171 mentem
490 1124 568 1171 esse
585 1101 712 1171 liceret.
725 1104 806 1172 Hoc
823 1102 959 1172 scilicet
971 1120 1090 1195 negat,
1108 1126 1199 1195 quae
1214 1125 1235 1172 a
1250 1102 1399 1173 Caesare
1414 1125 1550 1193 propo-

321 1218 387 1287 sita
406 1234 501 1299 sunt,
516 1240 555 1286 ea
570 1217 615 1285 ad
629 1217 856 1308 Reipublicae
878 1219 1024 1287 salutem
1042 1219 1126 1287 satis
1143 1241 1257 1310 posse,
1273 1218 1429 1308 ideoque
1443 1218 1549 1287 adhi-

320 1333 467 1402 bendam
483 1335 674 1422 quamdam
699 1333 851 1402 innotos
876 1334 1040 1403 homines
1055 1333 1333 1403 misericordiam
1353 1358 1361 1399 ε
1380 1334 1546 1423 «Quare,

320 1449 444 1539 inquit,
459 1470 592 1517 vanum
615 1446 780 1539 equidem
801 1448 864 1517 hoc
879 1448 1066 1538 (Caesaris)
1084 1448 1285 1529 consilium,
1304 1448 1332 1517 si
1347 1448 1548 1539 periculum

319 1588 360 1634 ex
381 1564 450 1633 illis
470 1564 593 1633 metuit
606 1592 614 1645 ;
628 1563 683 1631 sin
704 1563 740 1631 in
758 1581 853 1632 tanto
868 1564 1030 1633 omnium
1050 1582 1146 1634 metu
1165 1566 1263 1634 solus
1278 1587 1349 1634 non
1370 1564 1486 1643 timet,
1507 1587 1547 1634 eo

320 1680 432 1773 magis
455 1678 558 1750 refert
577 1702 632 1748 me
654 1679 743 1749 mihi
779 1698 885 1771 atque
913 1680 1011 1749 vobis
1037 1680 1169 1750 timere.
1202 1709 1219 1743 »
1254 1683 1299 1749 Et
1328 1703 1410 1749 cum
1439 1682 1548 1771 paulo

319 1813 396 1865 ante
428 1794 570 1864 dixisset
598 1820 605 1859 ε
636 1795 705 1863 Hic
735 1795 821 1863 milri
846 1796 1035 1887 quisquam
1059 1796 1370 1865 mansuetudinem
1397 1796 1548 1865 etmise·

318 1910 505 1980 ricordiam
531 1908 741 1979 nominati»
768 1932 884 1979 mox«
913 1911 1153 1981 Misereamini
1169 1934 1308 1992 censeo,
1335 1912 1546 1981 exclamat...

320 2026 452 2098 Neista
474 2024 573 2094 vobis
592 2024 847 2111 misericordia,
865 2026 894 2095 si
921 2026 969 2095 illi
1006 2050 1106 2096 arma
1124 2026 1284 2118 ceperint
1310 2026 1345 2095 in
1370 2026 1548 2096 miseriam

318 2158 496 2211 convortat
512 2144 555 2228 (1)
572 2164 605 2212 x.
1333 2208 1339 2220 ,

363 2257 465 2327 Nihil
487 2256 595 2348 igitur
610 2258 653 2325 de
673 2256 810 2348 legibus
827 2256 1104 2341 illisdicendum
1124 2257 1311 2329 existimat.
1331 2260 1408 2349 lpse
1423 2274 1545 2327 tamen

316 2393 389 2444 tam
402 2372 655 2442 adversabatur
670 2394 775 2461 quarn
790 2372 854 2463 qui
878 2372 1027 2442 maxime
1040 2373 1084 2442 iis
1099 2396 1188 2464 quae
1207 2393 1326 2444 contra
1339 2375 1454 2467 legem
1468 2375 1545 2445 fieri

315 2488 564 2561 arbitrabatur.
1461 2559 1463 2563 ,

362 2604 506 2675 Etenim
523 2625 595 2672 non
619 2604 732 2671 multo
753 2621 848 2686 ante,
866 2626 946 2672 cum
961 2604 1087 2695 trepidi
1112 2622 1268 2675 tacerent
1289 2626 1428 2691 omnes,
1450 2629 1545 2674 unus

317 2743 377 2789 eos
393 2741 550 2788 accusare
566 2740 674 2787 ausus
690 2737 754 2803 est,
775 2741 864 2807 quos
881 2719 1077 2789 facinorum
1092 2721 1271 2809 adjutores
1288 2720 1386 2811 Sylla
1400 2720 1547 2789 habuis·

317 2852 378 2924 set,
400 2853 502 2924 atque
526 2833 575 2901 ita
599 2832 798 2925 iniquitatis
815 2834 1033 2925 injuriaeque
1048 2858 1235 2928 coarguere
1252 2854 1289 2905 ut
1304 2836 1346 2905 de
1366 2835 1436 2904 illis
1457 2859 1546 2927 sup-

316 2951 461 3045 plicium
476 2948 568 3055 sumi
584 2972 720 3037 russum
739 2950 847 3019 fuerit
863 2952 919 3041 (2).

361 3070 470 3136 Porro
483 3065 674 3135 acerrimus
694 3066 753 3136 ille
775 3067 890 3159 legum
913 3051 1074 3136 defensor
1087 3069 1176 3159 leges
1197 3090 1267 3136 non
1283 3057 1448 3147 defendit,
1463 3088 1545 3136 curn

315 3182 482 3273 decapite
497 3182 761 3270 conjuratorum
781 3182 818 3250 in
838 3181 934 3251 curia
950 3201 1117 3275 ageretur.
1138 3183 1249 3273 Quod
1264 3202 1476 3276 argumento
1492 3199 1544 3252 est

315 3321 394 3368 eum
434 3298 571 3366 nullam
607 3295 735 3365 violari
774 3297 885 3388 legem
915 3297 1140 3368 existimasse.
1169 3299 1296 3389 Neque
1321 3317 1543 3389 praetereun-

314 3416 400 3484 dum
416 3413 601 3482 tribunum
617 3411 834 3504 designatum
857 3413 955 3481 illum
976 3431 1053 3482 tum
1075 3413 1247 3483 exstitisse
1269 3414 1326 3502 (3).
1343 3414 1454 3505 Igitur
1468 3436 1542 3483 non

314 3532 429 3599 solum
452 3529 584 3617 impetu
611 3526 741 3620 ingenii
768 3546 799 3595 et
817 3527 936 3597 studio
960 3528 1082 3611 animi,
1110 3529 1172 3598 sed
1196 3528 1229 3599 vi
1256 3528 1364 3598 etiam
1386 3531 1543 3620 quadam

314 3645 417 3715 officii
433 3667 503 3713 non
521 3643 551 3711 is
564 3661 635 3712 erat
647 3641 708 3732 qui
731 3643 853 3733 populi
866 3643 943 3732 jura
957 3643 1046 3712 laedi
1062 3643 1297 3735 permisisset,
1313 3644 1342 3713 si
1356 3667 1542 3714 romanum

313 3762 545 3830 civemmorte
575 3760 745 3828 mulctare
771 3759 908 3828 nemini
934 3782 1091 3850 unquam
1120 3759 1190 3828 nisi
1216 3761 1351 3852 populo
1373 3759 1540 3830 licuisset.

357 3875 469 3966 Atqui
497 3874 657 3943 illicitum
684 3897 762 3942 esse
790 3892 892 3962 atque
921 3875 1083 3964 iniquum
1115 3876 1315 3965 conjuratos
1348 3898 1368 3944 a
1401 3878 1542 3945 consule

314 3991 456 4061 interfici
480 3989 568 4058 adeo
586 4013 655 4058 non
666 3989 845 4080 professus
871 4008 922 4059 est
947 4008 1114 4061 utcontra
1129 4013 1287 4083 aequum
1303 3990 1370 4060 sibi
1384 3990 1493 4060 videri
1508 4009 1542 4060 et

314 4109 446 4197 justum
475 4105 718 4175 vehementius
752 4105 872 4174 ceteris
898 4106 1133 4175 clamaverit:
1172 4128 1278 4175 nemo
1310 4108 1405 4197 plus,
1433 4129 1540 4175 nemo

314 4240 451 4293 tantum
464 4220 532 4312 egit
546 4237 753 4290 senatorum
768 4237 808 4290 ut
823 4222 937 4290 necari
950 4222 999 4290 illi
1008 4222 1233 4310 juberentur;
1250 4245 1369 4314 neque
1381 4220 1540 4313 profecto

312 4356 432 4408 contra
445 4357 577 4405 morem
592 4335 803 4426 reipublicae
820 4336 880 4405 sed
894 4360 957 4427 pro
973 4360 1073 4406 more
1091 4337 1240 4423 antiquo
1265 4359 1365 4429 agere
1381 4359 1417 4406 se
1438 4353 1541 4428 puta·

313 4454 373 4525 vit.
391 4457 443 4523 lta
458 4451 550 4522 enim
561 4445 753 4543 peroravit:
770 4479 786 4517 u
803 4452 982 4525 Censeo...
996 4453 1038 4522 de
1050 4453 1230 4538 confessis,
1246 4452 1352 4523 sicuti
1368 4453 1410 4522 de
1425 4454 1540 4522 mani-

349 4685 374 4756 (r
405 4685 560 4755 Succusa,
572 4682 674 4753 Catil,
692 4683 757 4740 [ΙΙ.

347 4761 377 4828 (2
409 4757 597 4827 esurires,
612 4755 678 4814 Cat.
700 4755 757 4825 Ut,
774 4755 868 4814 XVlI.

348 4828 388 4898 (3)
406 4827 508 4894 Puur,
525 4825 590 4884 Cat.
615 4827 677 4899 Ut,
692 4827 790 4884 XXII.
