3725 6050
833 792 1029 866 ..13-

316 967 372 1059 agi
397 966 539 1035 solitum
560 983 624 1050 est,
639 989 703 1056 pro
720 966 847 1057 quibus
872 990 933 1037 reo
957 969 1120 1036 damnato
1138 968 1288 1059 pecunia
1316 968 1541 1062 irrogaretur.

362 1082 531 1153 Graviora
543 1082 673 1173 judicia
692 1083 836 1153 fuerunt
855 1083 1079 1153 comitiorum
1093 1084 1236 1154 illorum
1256 1085 1541 1167 centuriatorum,
1592 1097 1601 1114 ·’

316 1221 466 1290 quorum
482 1198 634 1268 habitam
658 1222 736 1267 esse
755 1199 1009 1289 amplissimam
1025 1199 1061 1268 in
1089 1200 1267 1291 republica
1282 1218 1489 1291 potestatem
1505 1225 1545 1269 ex
1657 1201 1659 1206 ’
1712 1239 1715 1246 ,

317 1337 359 1383 eo
375 1315 516 1406 colligas
539 1315 633 1406 quod
648 1315 853 1384 dicerentur
867 1333 946 1384 turn
962 1315 1106 1384 comitia
1120 1316 1230 1404 justa,
1244 1334 1326 1397 ,tum
1339 1317 1544 1386 comitiatus

317 1431 500 1518 maximus,
527 1447 611 1500 tum·
630 1454 736 1500 verus
756 1432 913 1523 populus
940 1432 975 1500 in
990 1433 1124 1523 Campo
1142 1432 1282 1501 Martis
1308 1436 1364 1521 (r).
1390 1436 1486 1504 Nam
1506 1433 1542 1502 in

317 1548 455 1638 Campo
468 1547 589 1617 Martis
604 1547 823 1639 gerebantur,
838 1570 952 1637 neque
967 1547 1065 1617 initio
1076 1548 1173 1617 aliud
1186 1548 1290 1618 fuisse
1304 1547 1464 1618 videntur
1477 1548 1544 1619 nisi

316 1664 471 1757 populus
491 1665 564 1755 ipse
590 1663 626 1732 in
654 1664 760 1749 armis
786 1664 1013 1748 constitutus,
1032 1665 1086 1732 cui
1109 1682 1288 1756 praeesset
1310 1666 1379 1734 dux
1395 1665 1545 1758 imperio

317 1781 453 1850 militari
469 1779 664 1872 praeditus;
683 1780 776 1850 unde
789 1780 826 1849 fit
838 1797 879 1849 ut
900 1808 915 1845 α
933 1780 1102 1850 exercitus
1115 1803 1257 1872 quoque
1275 1782 1427 1852 urbanus
1442 1809 1472 1865 n,
1487 1781 1543 1851 vel
1594 1761 1600 1808 ⁷
1706 1837 1710 1848 .

201 1938 203 1941 ·
318 1898 493 1967 brevius«
512 1897 680 1966 exercitus
696 1924 712 1961 u
732 1892 790 1965 illa
809 1897 1073 1988 appellarentur
1087 1900 1143 1983 (2).

364 2016 488 2102 Neque
505 2012 678 2082 immerito
698 2035 804 2081 verus
821 2013 978 2104 populus
989 2012 1095 2082 etiam
1114 2013 1206 2081 dicta
1230 2029 1324 2097 sunt,
1336 2035 1419 2083 cum
1433 2037 1545 2105 popu·

318 2130 390 2198 lum
403 2129 618 2212 universum,
632 2128 770 2219 plebem
782 2145 816 2197 et
832 2128 995 2198 Patricios
1008 2151 1089 2197 cum
1103 2128 1301 2214 clientibus,
1311 2129 1345 2198 in
1358 2130 1409 2199 eis
1422 2132 1545 2200 adesse

322 2262 355 2315 et
371 2244 534 2335 suffragia
551 2245 695 2314 sciscere
712 2246 783 2313 Xll
799 2244 962 2313 Tabulae
977 2244 1150 2332 jusserint.
1432 2334 1434 2338 Ι

361 2362 419 2431 Ad
442 2361 500 2430 illa
515 2360 617 2452 igitur
633 2378 771 2430 tantum
792 2360 928 2429 comitia
948 2361 1038 2430 cives
1061 2363 1244 2430 Romanos
1267 2361 1382 2431 vocari
1404 2362 1542 2445 licebat,

320 2478 349 2546 si
373 2477 454 2569 quis
480 2499 599 2546 eorum
619 2499 698 2545 reus
721 2479 816 2548 fieret
831 2476 1002 2559 criminis,
1020 2499 1091 2566 quo
1110 2478 1325 2561 confirmato,
1342 2478 1426 2561 vita,
1444 2477 1543 2547 liber·

321 2610 389 2663 tate
402 2610 463 2662 aut
476 2592 609 2662 civitate
623 2592 820 2683 privandus·
835 2615 909 2661 esse
926 2591 1197 2661 existimaretur.
1408 2597 1410 2602 '

360 2711 439 2780 lam
451 2732 546 2778 anno
562 2711 628 2800 507
643 2712 683 2795 (a.
699 2710 718 2779 J
726 2708 815 2796 .-C.l
831 2709 882 2777 lex
896 2707 1041 2777 Valeria
1056 2708 1099 2777 de
1107 2709 1361 2799 provocatione
1375 2710 1544 2802 adpopu-

315 2826 401 2913 lum,
418 2842 576 2895 sanxerat
595 2848 616 2893 <t
639 2848 682 2894 ne
696 2824 775 2915 quis
790 2824 1013 2916 magistratus
1032 2824 1149 2894 civem
1172 2848 1361 2896 romanum
1375 2827 1544 2895 adversus

317 2942 604 3035 provocationem
627 2958 766 3011 necaret
779 2940 1014 3010 verberaretve
1027 2944 1071 3029 (3)
1089 2970 1119 3010 ».

358 3060 439 3149 Qua
452 3059 486 3127 in
500 3082 548 3138 re,
567 3081 636 3127 non
650 3059 768 3127 solum
783 3058 965 3149 provocari
979 3080 1081 3149 posse
1095 3058 1140 3127 ad
1154 3060 1339 3150 populum,
1356 3061 1416 3129 sed
1437 3060 1542 3130 etiam

315 3176 420 3246 unius
449 3175 570 3266 populi
595 3174 762 3263 judicium
793 3197 865 3243 esse
901 3175 972 3243 XII
996 3175 1157 3244 Tabulae
1190 3178 1271 3263 (450
1299 3200 1331 3244 a.
1359 3177 1468 3264 J.·C.)
1497 3176 1539 3244 iis

315 3292 427 3361 verbis
443 3307 641 3360 statuerunt
658 3313 666 3360 ε
686 3318 702 3354 «
720 3292 771 3359 De
783 3290 891 3380 capite
902 3290 999 3371 civis,
1016 3290 1085 3358 nisi
1100 3313 1161 3380 per
1172 3291 1367 3360 maximum
1383 3292 1541 3360 comitia-

315 3426 389 3479 tum
410 3431 452 3477 ne
480 3408 618 3477 ferunto
638 3410 694 3494 (4).
715 3433 730 3471 n
756 3406 866 3495 Quod
888 3406 1036 3475 minime
1062 3407 1260 3477 obsoletum
1275 3408 1378 3477 fuisse
1393 3425 1545 3497 tempore

315 3523 494 3595 Ciceronis
508 3547 528 3592 a
544 3524 713 3595 Cicerone
730 3523 805 3615 ipso
827 3523 1025 3613 accepimus
1041 3526 1100 3610 (5).

362 3641 460 3710 Idem
495 3640 550 3728 jus
579 3638 838 3731 provocationis
866 3639 940 3707 aliis
967 3655 1085 3729 postea
1107 3638 1243 3727 legibus
1270 3640 1439 3709 sancitum
1472 3663 1546 3710 esse
1659 3714 1661 3719 .

315 3774 451 3825 constat
467 3778 475 3824 ε
492 3757 565 3847 lege
578 3755 686 3824 altera
703 3753 840 3824 Valeria
856 3757 935 3844 (300
949 3777 980 3824 a.
997 3756 1016 3823 J
1022 3754 1124 3842 .·C.)‚
1136 3755 1177 3823 de
1190 3778 1262 3846 qua
1276 3756 1418 3844 quidem
1433 3779 1545 3847 pauca

316 3889 398 3942 nota
413 3872 597 3958 habemus,
620 3888 653 3940 et
671 3870 782 3940 tribus
803 3870 941 3962 legibus
958 3869 1101 3956 Porciis,
1117 3893 1218 3961 quae,
1241 3872 1325 3964 quid
1337 3890 1456 3964 aperte
1476 3891 1546 3942 sta-

314 3989 442 4059 tuerint
455 3989 508 4058 vel
521 4008 593 4076 quo
605 4004 761 4078 tempore
777 4009 855 4056 vere
865 3987 953 4056 latae
963 3986 1102 4067 fuerint,
1115 4009 1186 4055 non
1198 3988 1280 4057 satis
1291 3988 1424 4079 liquere
1434 3990 1545 4059 faten-

316 4107 401 4174 dum
416 4122 475 4174 est.
497 4107 579 4176 Non
600 4121 655 4172 est
682 4121 798 4173 tamen
815 4103 979 4188 dubium,
999 4104 1084 4194 quin
1107 4131 1123 4167 α
1146 4104 1391 4174 condemnatis
1408 4104 1545 4176 civibus

349 4367 396 4492 (ld
407 4367 483 4437 C1c.‚
501 4363 548 4421 De
563 4362 635 4441 leg„
657 4364 710 4432 ΙΙΙ,
729 4381 763 4437 19
776 4363 789 4436 g
801 4381 854 4436 443
870 4363 943 4420 Post
960 4363 1020 4420 red.
1037 4363 1065 4420 in
1078 4379 1151 4432 sen,
1168 4364 1234 4438 ll,§
1252 4382 1303 4438 273
1316 4365 1377 4422 Pro
1391 4367 1479 4434 Sese„
1496 4367 1542 4434 5ο,

313 4440 388 4583 §iil
401 4484 519 4578 ⁵Vann„
539 4507 585 4567 De
606 4505 695 4583 Ling.
711 4505 821 4573 Latin„
842 4506 893 4572 Vl,
913 4524 941 4579 9.
962 4539 998 4548 -
1020 4507 1126 4575 Genu,
1151 4506 1216 4575 XV,
1238 4525 1274 4579 27
1300 4524 1307 4564 :
1331 4529 1345 4560 c
1368 4509 1545 4565 Centuriata

313 4579 438 4640 comitia
457 4579 536 4635 intra
557 4577 748 4651 pomoerium
767 4577 833 4633 fieri
855 4577 940 4633 nefas
966 4595 1042 4647 esse,
1064 4577 1136 4650 quia
1151 4578 1316 4635 exercitum
1338 4593 1421 4636 extra
1438 4581 1545 4636 urbem

315 4650 456 4737 imperari
467 4669 485 4706 ο
510 4661 617 4730 orteat,
631 4648 831 4730 intra'turbem¹
847 4648 989 4722 imperari
1000 4651 1046 4720 jus
1057 4667 1119 4704 non
1131 4649 1178 4705 sit.
1197 4652 1361 4724 Propterea
1377 4651 1545 4707 centuriata

315 4725 482 4868 mlgffiidi),
498 4720 950 4865 DzrgpppglpgpiLsglIrtmrcnf
966 4792 1043 4862 L1v.,
1061 4793 1098 4857 ll,
1115 4793 1147 4861 83
1165 4793 1299 4864 Dronrs,
1319 4793 1357 4864 V,
1372 4811 1417 4865 70.

350 4868 390 4940 (4)
407 4867 483 4937 Cic„
498 4864 545 4920 De
558 4865 597 4920 Le
621 4907 639 4934 .‚
655 4864 707 4933 ΙΙΙ,
723 4881 751 4935 4,
769 4864 782 4936 5
800 4881 826 4918 11
840 4882 847 4934 ;
862 4862 900 4919 cf.
920 4881 963 4936 19,
977 4864 991 4936 5
1003 4881 1060 4934 443
1077 4865 1215 4940 DeRep.,
1229 4865 1267 4930 ΙΙ,
1283 4865 1329 4920 36.

352 4940 392 5010 (5)
407 4939 484 5005 Cro,
504 4935 564 4992 Pro
604 4944 667 5005 est„
686 4935 731 5005 34,
748 4936 764 5006 ᾖ
780 4935 831 5007 733
847 4935 892 4990 De
906 4934 991 5011 Leg.‚
1010 4936 1062 5001 ΙΙΙ,
1081 4953 1125 5008 19,
1140 4939 1154 5006 ξ
1173 4937 1221 5006 45.
