3725 6050
1650 980 2048 1056 ...50-

805 1226 900 1295 11.
948 1264 1036 1277 —
1088 1227 1246 1318 Quo
1273 1226 1571 1296 consilio
1602 1249 1748 1297 rem
1774 1227 1873 1296 ad
1892 1238 2212 1297 senatum
2243 1229 2491 1299 consul
2512 1232 2904 1301 vocaverit.

715 1418 895 1490 Sunt
923 1421 1044 1512 qui
1070 1440 1319 1515 negent
1352 1423 1587 1513 ipsum
1616 1424 1702 1492 de
1721 1423 2100 1513 conjuratis
2132 1424 2554 1493 sententiam
2582 1424 2764 1495 ferre
2780 1428 3097 1497 noluisse

630 1534 1035 1606 Ciceronem
1063 1538 1195 1607 alia
1227 1555 1481 1620 mente,
1504 1538 1629 1606 nisi
1659 1555 1735 1606 ut
1761 1538 2218 1631 gravissimae
2242 1539 2549 1630 pericula
2571 1540 2897 1610 ferendae
2929 1566 3100 1611 sen-

625 1652 880 1722 tentiae
907 1653 1272 1745 effugeret.
1310 1653 1642 1723 Noluisse
1672 1676 1834 1722 eum
1876 1653 2304 1723 arbitrantur
2344 1657 2808 1747 popularibus
2851 1657 3099 1726 inimi·

626 1766 799 1835 citiis
830 1791 903 1838 se
929 1769 1165 1838 offerre
1204 1792 1219 1838 ε

721 1911 753 1942 «
803 1887 895 1952 Ce
941 1884 1150 1954 serait
1196 1885 1338 1953 mal
1380 1885 1737 1955 connaitre
1789 1884 2116 1965 Cicer0n‚
2175 1886 2399 1975 inquit
2427 1887 2467 1955 J
2478 1888 2624 1955 .·B.
2680 1888 3097 1978 Mispoulet,

627 2019 761 2087 que
787 1999 873 2067 de
907 2001 965 2068 le
996 1999 1213 2068 croire
1244 2001 1533 2090 capable
1566 2000 1734 2069 d'un
1757 1999 1975 2091 pareil
2004 2018 2152 2070 acte
2172 2001 2545 2091 d’energie,
2575 2019 2854 2072 surtout
2882 2010 3102 2093 apres

630 2114 691 2181 le
722 2117 967 2203 proces
993 2119 1077 2182 de
1113 2114 1446 2184 Rabirius
1480 2120 1591 2202 (1).
1628 2144 1658 2179 n

726 2231 885 2298 Duo
908 2230 1016 2298 hic
1042 2230 1253 2298 habes
1271 2248 1510 2299 contra
1532 2230 1958 2301 Ciceronem
1983 2253 2232 2321 parum
2259 2254 2418 2300 vere
2443 2232 2668 2302 dicta:
2696 2256 2864 2301 eum
2892 2234 3100 2303 inerti

631 2360 696 2413 et
723 2345 902 2413 male
932 2345 1092 2414 forti
1127 2344 1360 2414 animo
1393 2368 1665 2436 semper
1689 2347 1933 2430 fuisse,
1962 2363 2173 2438 atque
2208 2370 2289 2416 ea
2321 2347 2614 2416 demum
2665 2348 2737 2416 in
2767 2370 2870 2446 re,
2895 2372 3101 2418 more

631 2482 783 2542 su0,
822 2461 1013 2552 segni
1048 2460 1445 2552 timidoque
1474 2460 1697 2553 egisse
1733 2462 2049 2531 consilio,
2103 2463 2320 2552 Quod
2353 2480 2733 2555 utrumque
2782 2462 3104 2533 facturus

632 2599 816 2662 sum,
853 2599 984 2668 pro
1016 2600 1171 2647 mea
1201 2576 1560 2662 facultate,
1599 2594 1675 2645 ut
1698 2577 1956 2646 falsum
1986 2577 2363 2646 existimes,

1841 2768 1875 2799 «Ι-

737 2949 788 2993 ι.
844 2930 1074 3015 Atque
1107 2942 1183 2993 ut
1231 2925 1536 3014 primum
1597 2925 1821 2994 dicam
1862 2925 1945 2993 de
1977 2924 2339 3005 Ciceronis
2396 2924 2633 2995 indole
2684 2925 3100 3016 animoque,

633 3041 850 3108 fateor
875 3042 1086 3110 fuisse
1123 3041 1348 3122 illum,
1377 3041 1615 3130 aliquo
1656 3040 1872 3110 modo
1921 3051 2143 3110 mente
2198 3041 2569 3129 incertum,
2617 3041 2972 3134 nimisque
3034 3046 3103 3112 in

633 3157 1014 3224 contrarias
1043 3173 1274 3247 partes
1292 3156 1587 3224 distrahi
1616 3157 1929 3226 solitum.

730 3274 982 3362 Neque
1014 3294 1179 3341 sane
1204 3270 1482 3342 mirum.
1525 3272 1628 3341 Illi
1653 3273 1843 3341 enim
1876 3296 1958 3342 ea
1988 3290 2128 3342 erat
2154 3274 2257 3341 vis
2288 3258 2552 3367 ingenii
2584 3290 2684 3358 ut,
2719 3273 2841 3343 ubi
2872 3275 3103 3343 consi-

641 3387 809 3455 lium
839 3406 1015 3457 esset
1060 3405 1423 3478 capturuS‚
1454 3388 1625 3478 quid
1680 3389 1847 3457 boni
1904 3388 2152 3478 quidve
2196 3389 2360 3458 mali
2401 3405 2705 3481 utraque
2748 3389 3107 3459 sententia

641 3504 943 3586 haberet,
982 3503 1304 3573 facillime
1331 3505 1847 3594 clarissimeque
1874 3504 2318 3596 perspiceret.
2351 3503 2578 3576 Citius
2602 3527 2771 3574 sane
2802 3507 3109 3574 firmius-

644 3643 783 3712 que
819 3644 892 3689 se
925 3620 1014 3689 ad
1043 3619 1389 3712 agendum
1428 3638 1652 3710 parat,
1675 3621 1793 3709 qui
1825 3619 2063 3687 minus
2093 3638 2300 3689 acuto
2333 3621 2556 3689 utitur
2580 3620 2879 3712 ingenio,
2911 3621 3107 3691 Cum

644 3736 828 3804 enim
862 3737 931 3804 in
966 3735 1073 3815 iis,
1109 3758 1290 3825 quae
1321 3753 1550 3803 mente
1575 3736 1791 3827 agitat
1819 3736 2158 3820 facienda,
2195 3735 2373 3826 quid
2403 3736 2487 3803 sit
2512 3734 2805 3804 fortasse
2835 3736 3109 3804 incom-

642 3852 834 3920 modi
878 3852 1070 3947 ¹male
1127 3850 1376 3929 videat,
1440 3850 1733 3918 minime
1792 3867 2187 3932 cunctatur,
2246 3851 2460 3940 inque
2529 3849 2842 3919 faciendo
2897 3849 3109 3919 facile

642 3986 1006 4057 promptus
1037 3985 1166 4037 est.

736 4082 1097 4174 Equidem
1129 4083 1313 4151 haud
1364 4083 1592 4152 nescio
1638 4081 1846 4150 fuisse
1905 4080 2027 4171 qui
2062 4103 2343 4173 sagaces
2392 4080 2466 4147 in
2504 4079 2992 4171 perspiciendo
3046 4097 3115 4149 et

644 4198 824 4264 firmi
903 4199 970 4264 in
1041 4198 1498 4267 deliberando
1576 4197 1783 4266 simul
1873 4213 2254 4265 exstarent.
2320 4196 2697 4266 Caesarem
2758 4196 3113 4286 appellare

649 4313 813 4380 satis
860 4314 966 4379 sit.
1020 4317 1116 4381 At
1171 4332 1658 4405 praeterquam
1707 4335 1818 4381 res
1876 4311 2198 4380 habenda
2253 4329 2357 4379 est
2405 4310 2784 4393 rarissima,
2824 4310 3115 4382 Caesari

648 4427 982 4496 eximium
1025 4428 1300 4518 quidem
1337 4429 1461 4497 fuit
1488 4429 1591 4497 vel
1621 4427 1684 4496 in
1725 4426 2086 4495 scribendo
2122 4426 2517 4517 ingenium3
2551 4443 2858 4496 attamen
2885 4447 3117 4514 neque

650 4543 934 4633 impetu,
975 4566 1197 4634 neque
1248 4545 1614 4634 splendore
1671 4542 2119 4633 quodamque
2175 4543 2370 4632 quasi
2446 4542 2710 4611 lumine
2773 4541 3119 4611 orationis

649 4660 1075 4751 praestitisse
1123 4682 1287 4728 eum
1322 4678 1572 4729 notum
1604 4676 1732 4728 est.
1775 4658 2006 4748 Cujus
2049 4658 2145 4726 rei
2195 4681 2272 4726 ea
2304 4656 2481 4726 ratio
2509 4674 2608 4726 est
2654 4657 2854 4748 quod
2895 4655 3120 4726 animi

648 4775 962 4845 motibus
996 4777 1331 4866 imperare
1362 4775 1657 4844 solebat.

743 4894 992 4982 Itaque
1037 4891 1334 4960 forsitan
1370 4890 1745 4982 quaesieris
1796 4911 1970 4957 num
2015 4888 2207 4958 idem
2237 4888 2451 4957 homo
2493 4886 2694 4956 simul
2720 4909 2867 4956 esse
2899 4886 3123 4979 possit

727 5099 808 5170 (1)
846 5097 1015 5170 Oper.
1040 5097 1161 5164 cic„
1190 5115 1249 5169 p.
1279 5097 1415 5152 203.
